<?xml version="1.0" encoding="UTF-8"?>
<!DOCTYPE html PUBLIC "-//W3C//DTD XHTML 1.0 Transitional//EN"
    "http://www.w3.org/TR/xhtml1/DTD/xhtml1-transitional.dtd">
<html xmlns="http://www.w3.org/1999/xhtml" xml:lang="en" lang="en">
 <head>
  <title>
</title>
<meta http-equiv="Content-Type" content="text/html;charset=utf-8" />
  <meta name='ocr-system' content='tesseract 3.04.00' />
  <meta name='ocr-capabilities' content='ocr_page ocr_carea ocr_par ocr_line ocrx_word'/>
</head>
<body>
  <div class='ocr_page' id='page_1' title='image "albiitibullicarm01tibuuoft_0297.png"; bbox 0 0 1752 2974; ppageno 0'>
   <div class='ocr_carea' id='block_1_1' title="bbox 494 129 735 168">
    <p class='ocr_par' dir='ltr' id='par_1_1' title="bbox 494 129 735 168">
     <span class='ocr_line' id='line_1_1' title="bbox 494 129 735 168; baseline -0.017 0"><span class='ocrx_word' id='word_1_1' title='bbox 494 131 609 168; x_wconf 86' lang='lat' dir='ltr'>LIB.</span> <span class='ocrx_word' id='word_1_2' title='bbox 647 129 735 167; x_wconf 86' lang='lat'>111.</span> 
     </span>
    </p>
   </div>
   <div class='ocr_carea' id='block_1_2' title="bbox 801 128 1505 185">
    <p class='ocr_par' dir='ltr' id='par_1_2' title="bbox 801 128 1505 185">
     <span class='ocr_line' id='line_1_2' title="bbox 801 128 1505 185; baseline 0.006 -20"><span class='ocrx_word' id='word_1_3' title='bbox 801 128 983 166; x_wconf 80' lang='lat' dir='ltr'><strong>ELEG.</strong></span> <span class='ocrx_word' id='word_1_4' title='bbox 1020 129 1112 165; x_wconf 86' lang='grc' dir='ltr'><strong>ΙΙΙ.</strong></span> <span class='ocrx_word' id='word_1_5' title='bbox 1424 141 1505 185; x_wconf 84' lang='lat'><strong><em>197</em></strong></span> 
     </span>
    </p>
   </div>
   <div class='ocr_carea' id='block_1_3' title="bbox 49 239 1502 401">
    <p class='ocr_par' dir='ltr' id='par_1_3' title="bbox 49 239 1502 401">
     <span class='ocr_line' id='line_1_3' title="bbox 122 239 1458 309; baseline -0.001 -17"><span class='ocrx_word' id='word_1_6' title='bbox 122 245 296 309; x_wconf 85' lang='lat' dir='ltr'><strong>Atque</strong></span> <span class='ocrx_word' id='word_1_7' title='bbox 327 244 456 293; x_wconf 82' lang='lat' dir='ltr'><strong><em>haec</em></strong></span> <span class='ocrx_word' id='word_1_8' title='bbox 485 245 545 292; x_wconf 82' lang='lat' dir='ltr'><strong><em>in</em></strong></span> <span class='ocrx_word' id='word_1_9' title='bbox 581 241 776 291; x_wconf 85' lang='lat' dir='ltr'>celebri</span> <span class='ocrx_word' id='word_1_10' title='bbox 805 243 1034 290; x_wconf 85' lang='lat' dir='ltr'><strong><em>carmina</em></strong></span> <span class='ocrx_word' id='word_1_11' title='bbox 1068 239 1248 290; x_wconf 85' lang='lat' dir='ltr'><strong><em>fronte</em></strong></span> <span class='ocrx_word' id='word_1_12' title='bbox 1280 252 1458 291; x_wconf 86' lang='lat' dir='ltr'><strong><em>notet:</em></strong></span> 
     </span>
     <span class='ocr_line' id='line_1_4' title="bbox 49 325 1502 401; baseline -0.001 -23"><span class='ocrx_word' id='word_1_13' title='bbox 49 332 364 400; x_wconf 69' lang='lat' dir='ltr'><strong><em>Lygdamus</em></strong></span> <span class='ocrx_word' id='word_1_14' title='bbox 377 330 456 379; x_wconf 80' lang='lat' dir='ltr'><strong><em>lzzc</em></strong></span> <span class='ocrx_word' id='word_1_15' title='bbox 453 326 596 401; x_wconf 80' lang='lat' dir='ltr'><strong><em>sztus</em></strong></span> <span class='ocrx_word' id='word_1_16' title='bbox 609 325 720 397; x_wconf 83' lang='lat' dir='ltr'><strong><em>est,·</em></strong></span> <span class='ocrx_word' id='word_1_17' title='bbox 734 329 882 379; x_wconf 85' lang='lat' dir='ltr'><strong><em>dolor</em></strong></span> <span class='ocrx_word' id='word_1_18' title='bbox 895 329 1010 378; x_wconf 82' lang='lat' dir='ltr'><strong><em>lzuic</em></strong></span> <span class='ocrx_word' id='word_1_19' title='bbox 1024 339 1074 378; x_wconf 76' lang='lat' dir='ltr'><strong><em>ec</em></strong></span> <span class='ocrx_word' id='word_1_20' title='bbox 1094 345 1220 377; x_wconf 81' lang='lat' dir='ltr'><strong><em>cura</em></strong></span> <span class='ocrx_word' id='word_1_21' title='bbox 1232 330 1502 388; x_wconf 80' lang='lat' dir='ltr'><strong><em>Neaerae,</em></strong></span> 
     </span>
    </p>
   </div>
   <div class='ocr_carea' id='block_1_4' title="bbox 129 412 1193 490">
    <p class='ocr_par' dir='ltr' id='par_1_4' title="bbox 129 412 1193 490">
     <span class='ocr_line' id='line_1_5' title="bbox 129 412 1193 490; baseline -0.003 -23"><span class='ocrx_word' id='word_1_22' title='bbox 129 420 380 488; x_wconf 80' lang='lat' dir='ltr'><strong><em>Coniugis</em></strong></span> <span class='ocrx_word' id='word_1_23' title='bbox 401 427 635 481; x_wconf 75' lang='lat' dir='ltr'><strong><em>ereptae,</em></strong></span> <span class='ocrx_word' id='word_1_24' title='bbox 676 412 855 490; x_wconf 80' lang='lat' dir='ltr'><em>cauffa</em></span> <span class='ocrx_word' id='word_1_25' title='bbox 872 421 1047 481; x_wconf 83' lang='lat' dir='ltr'><strong><em>perire</em></strong></span> <span class='ocrx_word' id='word_1_26' title='bbox 1059 413 1193 486; x_wconf 75' lang='lat' dir='ltr'><strong><em>fuit.</em></strong></span> 
     </span>
    </p>
   </div>
   <div class='ocr_carea' id='block_1_5' title="bbox 1426 430 1500 473">
    <p class='ocr_par' dir='ltr' id='par_1_5' title="bbox 1426 430 1500 473">
     <span class='ocr_line' id='line_1_6' title="bbox 1426 430 1500 473; baseline 0 -7"><span class='ocrx_word' id='word_1_27' title='bbox 1426 430 1500 473; x_wconf 79' lang='grc'><strong><em>50</em></strong></span> 
     </span>
    </p>
   </div>
   <div class='ocr_carea' id='block_1_6' title="bbox 463 572 1086 618">
    <p class='ocr_par' dir='ltr' id='par_1_6' title="bbox 463 572 1086 618">
     <span class='ocr_line' id='line_1_7' title="bbox 463 572 1086 618; baseline 0.002 -3"><span class='ocrx_word' id='word_1_28' title='bbox 463 572 889 618; x_wconf 86' lang='lat' dir='ltr'><em>ELEGIA</em></span> <span class='ocrx_word' id='word_1_29' title='bbox 957 574 1086 617; x_wconf 89' lang='lat' dir='ltr'><strong><em>III.</em></strong></span> 
     </span>
    </p>
   </div>
   <div class='ocr_carea' id='block_1_7' title="bbox 38 649 1419 819">
    <p class='ocr_par' dir='ltr' id='par_1_7' title="bbox 38 649 1419 819">
     <span class='ocr_line' id='line_1_8' title="bbox 38 649 1419 747; baseline -0.001 -32"><span class='ocrx_word' id='word_1_30' title='bbox 38 649 218 747; x_wconf 27' lang='lat' dir='ltr'><strong><em>&#39;Quid</em></strong></span> <span class='ocrx_word' id='word_1_31' title='bbox 246 664 459 731; x_wconf 86' lang='lat' dir='ltr'><strong><em>prodest</em></strong></span> <span class='ocrx_word' id='word_1_32' title='bbox 491 667 694 716; x_wconf 85' lang='lat' dir='ltr'><strong><em>caelum</em></strong></span> <span class='ocrx_word' id='word_1_33' title='bbox 723 669 863 717; x_wconf 82' lang='lat' dir='ltr'><strong><em>votis</em></strong></span> <span class='ocrx_word' id='word_1_34' title='bbox 890 665 1148 733; x_wconf 70' lang='lat' dir='ltr'><strong><em>implesse,</em></strong></span> <span class='ocrx_word' id='word_1_35' title='bbox 1197 666 1419 723; x_wconf 82' lang='lat' dir='ltr'><strong><em>Neaera,</em></strong></span> 
     </span>
     <span class='ocr_line' id='line_1_9' title="bbox 115 751 1381 819; baseline -0.001 -19"><span class='ocrx_word' id='word_1_36' title='bbox 115 752 420 819; x_wconf 84' lang='lat' dir='ltr'>Blandaque</span> <span class='ocrx_word' id='word_1_37' title='bbox 458 770 583 802; x_wconf 89' lang='lat' dir='ltr'><strong><em>cum</em></strong></span> <span class='ocrx_word' id='word_1_38' title='bbox 621 755 789 802; x_wconf 85' lang='lat' dir='ltr'><strong><em>multa</em></strong></span> <span class='ocrx_word' id='word_1_39' title='bbox 818 765 937 804; x_wconf 83' lang='lat' dir='ltr'><strong><em>tura</em></strong></span> <span class='ocrx_word' id='word_1_40' title='bbox 970 751 1165 803; x_wconf 82' lang='lat' dir='ltr'><strong><em>dedisse</em></strong></span> <span class='ocrx_word' id='word_1_41' title='bbox 1198 769 1381 818; x_wconf 85' lang='lat' dir='ltr'><strong><em>prece:</em></strong></span> 
     </span>
    </p>
   </div>
   <div class='ocr_carea' id='block_1_8' title="bbox 40 841 1329 907">
    <p class='ocr_par' dir='ltr' id='par_1_8' title="bbox 40 841 1329 907">
     <span class='ocr_line' id='line_1_10' title="bbox 40 841 1329 907; baseline 0 -19"><span class='ocrx_word' id='word_1_42' title='bbox 40 841 170 889; x_wconf 85' lang='lat' dir='ltr'><strong><em>Non</em></strong></span> <span class='ocrx_word' id='word_1_43' title='bbox 203 852 264 890; x_wconf 88' lang='lat' dir='ltr'><strong><em>ut</em></strong></span> <span class='ocrx_word' id='word_1_44' title='bbox 295 843 581 891; x_wconf 84' lang='lat' dir='ltr'><strong><em>marmorei</em></strong></span> <span class='ocrx_word' id='word_1_45' title='bbox 614 842 887 907; x_wconf 84' lang='lat' dir='ltr'><strong><em>prodirem</em></strong></span> <span class='ocrx_word' id='word_1_46' title='bbox 917 860 947 891; x_wconf 90' lang='lat' dir='ltr'><strong><em>e</em></strong></span> <span class='ocrx_word' id='word_1_47' title='bbox 980 843 1168 892; x_wconf 89' lang='lat' dir='ltr'><strong><em>limine</em></strong></span> <span class='ocrx_word' id='word_1_48' title='bbox 1202 842 1329 889; x_wconf 85' lang='lat' dir='ltr'><strong><em>tecti</em></strong></span> 
     </span>
    </p>
   </div>
   <div class='ocr_carea' id='block_1_9' title="bbox 115 927 1191 997">
    <p class='ocr_par' dir='ltr' id='par_1_9' title="bbox 115 927 1191 997">
     <span class='ocr_line' id='line_1_11' title="bbox 115 927 1191 997; baseline 0.002 -21"><span class='ocrx_word' id='word_1_49' title='bbox 115 927 341 996; x_wconf 82' lang='lat' dir='ltr'>Insignis</span> <span class='ocrx_word' id='word_1_50' title='bbox 371 928 508 978; x_wconf 85' lang='lat' dir='ltr'><strong><em>clara</em></strong></span> <span class='ocrx_word' id='word_1_51' title='bbox 547 928 971 997; x_wconf 80' lang='lat' dir='ltr'><strong><em>conspicuusque</em></strong></span> <span class='ocrx_word' id='word_1_52' title='bbox 1010 929 1191 988; x_wconf 89' lang='lat' dir='ltr'><strong><em>domo,</em></strong></span> 
     </span>
    </p>
   </div>
   <div class='ocr_carea' id='block_1_10' title="bbox 30 1161 728 2669">
    <p class='ocr_par' dir='ltr' id='par_1_10' title="bbox 32 1161 728 1657">
     <span class='ocr_line' id='line_1_12' title="bbox 95 1161 728 1209; baseline -0.002 -13"><span class='ocrx_word' id='word_1_53' title='bbox 95 1167 161 1204; x_wconf 73' lang='lat'><strong><em>23.</em></strong></span> <span class='ocrx_word' id='word_1_54' title='bbox 190 1162 228 1195; x_wconf 83' lang='lat' dir='ltr'><strong><em>in</em></strong></span> <span class='ocrx_word' id='word_1_55' title='bbox 247 1161 378 1196; x_wconf 81' lang='lat' dir='ltr'><strong><em>celebri</em></strong></span> <span class='ocrx_word' id='word_1_56' title='bbox 396 1179 451 1189; x_wconf 87' lang='lat'><em>-</em></span> <span class='ocrx_word' id='word_1_57' title='bbox 467 1161 614 1208; x_wconf 78' lang='lat' dir='ltr'><strong><em>fronte)</em></strong></span> <span class='ocrx_word' id='word_1_58' title='bbox 632 1174 728 1209; x_wconf 81' lang='lat' dir='ltr'><strong><em>quae</em></strong></span> 
     </span>
     <span class='ocr_line' id='line_1_13' title="bbox 34 1217 728 1266; baseline 0.001 -16"><span class='ocrx_word' id='word_1_59' title='bbox 34 1217 74 1251; x_wconf 86' lang='lat' dir='ltr'><strong><em>in</em></strong></span> <span class='ocrx_word' id='word_1_60' title='bbox 98 1229 179 1250; x_wconf 85' lang='lat' dir='ltr'><strong><em>eam</em></strong></span> <span class='ocrx_word' id='word_1_61' title='bbox 202 1227 349 1264; x_wconf 83' lang='lat' dir='ltr'><strong><em>partem</em></strong></span> <span class='ocrx_word' id='word_1_62' title='bbox 370 1218 527 1266; x_wconf 83' lang='lat' dir='ltr'><strong><em>spectat,</em></strong></span> <span class='ocrx_word' id='word_1_63' title='bbox 559 1232 633 1266; x_wconf 83' lang='lat' dir='ltr'><strong><em>qua</em></strong></span> <span class='ocrx_word' id='word_1_64' title='bbox 656 1217 728 1252; x_wconf 85' lang='lat' dir='ltr'><strong><em>fre-</em></strong></span> 
     </span>
     <span class='ocr_line' id='line_1_14' title="bbox 35 1272 728 1319; baseline 0.001 -12"><span class='ocrx_word' id='word_1_65' title='bbox 35 1286 156 1319; x_wconf 84' lang='lat' dir='ltr'><strong><em>quens</em></strong></span> <span class='ocrx_word' id='word_1_66' title='bbox 188 1272 397 1308; x_wconf 84' lang='lat' dir='ltr'><strong><em>hominum</em></strong></span> <span class='ocrx_word' id='word_1_67' title='bbox 426 1274 503 1309; x_wconf 85' lang='lat' dir='ltr'><strong><em>iter</em></strong></span> <span class='ocrx_word' id='word_1_68' title='bbox 534 1285 572 1310; x_wconf 90' lang='lat' dir='ltr'><strong><em>et</em></strong></span> <span class='ocrx_word' id='word_1_69' title='bbox 593 1274 728 1309; x_wconf 82' lang='lat' dir='ltr'><strong><em>transi-</em></strong></span> 
     </span>
     <span class='ocr_line' id='line_1_15' title="bbox 35 1328 727 1379; baseline 0.003 -17"><span class='ocrx_word' id='word_1_70' title='bbox 35 1339 93 1363; x_wconf 82' lang='lat' dir='ltr'><strong><em>tus</em></strong></span> <span class='ocrx_word' id='word_1_71' title='bbox 115 1328 182 1369; x_wconf 82' lang='lat' dir='ltr'><strong><em>est;</em></strong></span> <span class='ocrx_word' id='word_1_72' title='bbox 212 1329 386 1378; x_wconf 83' lang='lat' dir='ltr'><strong><em>adeoque</em></strong></span> <span class='ocrx_word' id='word_1_73' title='bbox 406 1331 488 1366; x_wconf 83' lang='lat' dir='ltr'><strong><em>eius</em></strong></span> <span class='ocrx_word' id='word_1_74' title='bbox 511 1329 727 1379; x_wconf 83' lang='lat' dir='ltr'><strong><em>sepulcrum</em></strong></span> 
     </span>
     <span class='ocr_line' id='line_1_16' title="bbox 35 1386 727 1435; baseline 0.004 -17"><span class='ocrx_word' id='word_1_75' title='bbox 35 1397 83 1419; x_wconf 79' lang='lat' dir='ltr'><strong><em>ex</em></strong></span> <span class='ocrx_word' id='word_1_76' title='bbox 146 1386 349 1421; x_wconf 83' lang='lat' dir='ltr'><strong><em>communi</em></strong></span> <span class='ocrx_word' id='word_1_77' title='bbox 397 1399 507 1421; x_wconf 87' lang='lat' dir='ltr'><strong><em>more</em></strong></span> <span class='ocrx_word' id='word_1_78' title='bbox 564 1396 727 1435; x_wconf 80' lang='lat' dir='ltr'><strong><em>propter</em></strong></span> 
     </span>
     <span class='ocr_line' id='line_1_17' title="bbox 32 1440 727 1489; baseline 0.003 -15"><span class='ocrx_word' id='word_1_79' title='bbox 32 1442 137 1476; x_wconf 74' lang='lat' dir='ltr'><strong><em>viam</em></strong></span> <span class='ocrx_word' id='word_1_80' title='bbox 159 1440 354 1489; x_wconf 75' lang='lat' dir='ltr'>publicam</span> <span class='ocrx_word' id='word_1_81' title='bbox 375 1442 463 1476; x_wconf 80' lang='lat' dir='ltr'><strong><em>fuit.</em></strong></span> <span class='ocrx_word' id='word_1_82' title='bbox 521 1443 620 1477; x_wconf 82' lang='lat' dir='ltr'><strong><em>Mox</em></strong></span> <span class='ocrx_word' id='word_1_83' title='bbox 642 1455 727 1477; x_wconf 84' lang='lat' dir='ltr'><strong><em>cura</em></strong></span> 
     </span>
     <span class='ocr_line' id='line_1_18' title="bbox 35 1496 725 1546; baseline 0.003 -15"><span class='ocrx_word' id='word_1_84' title='bbox 35 1497 85 1533; x_wconf 80' lang='lat' dir='ltr'><strong><em>N.</em></strong></span> <span class='ocrx_word' id='word_1_85' title='bbox 123 1497 171 1532; x_wconf 84' lang='lat' dir='ltr'><strong><em>est</em></strong></span> <span class='ocrx_word' id='word_1_86' title='bbox 208 1496 463 1538; x_wconf 79' lang='lat' dir='ltr'><strong><em>desiderium,</em></strong></span> <span class='ocrx_word' id='word_1_87' title='bbox 522 1498 725 1546; x_wconf 83' lang='lat' dir='ltr'><strong><em>aegritudo</em></strong></span> 
     </span>
     <span class='ocr_line' id='line_1_19' title="bbox 36 1554 724 1602; baseline 0.003 -15"><span class='ocrx_word' id='word_1_88' title='bbox 36 1566 83 1587; x_wconf 74' lang='lat' dir='ltr'><strong><em>ex</em></strong></span> <span class='ocrx_word' id='word_1_89' title='bbox 115 1566 246 1588; x_wconf 82' lang='lat' dir='ltr'><strong><em>amore</em></strong></span> <span class='ocrx_word' id='word_1_90' title='bbox 277 1554 361 1589; x_wconf 87' lang='lat' dir='ltr'><strong><em>eius</em></strong></span> <span class='ocrx_word' id='word_1_91' title='bbox 389 1567 526 1602; x_wconf 84' lang='lat' dir='ltr'><strong><em>parum</em></strong></span> <span class='ocrx_word' id='word_1_92' title='bbox 557 1554 724 1590; x_wconf 85' lang='lat' dir='ltr'><strong><em>secundo</em></strong></span> 
     </span>
     <span class='ocr_line' id='line_1_20' title="bbox 33 1620 226 1657; baseline 0.01 -13"><span class='ocrx_word' id='word_1_93' title='bbox 33 1620 226 1657; x_wconf 82' lang='lat' dir='ltr'><strong><em>concepta.</em></strong></span> 
     </span>
    </p>

    <p class='ocr_par' dir='ltr' id='par_1_11' title="bbox 31 1665 726 1981">
     <span class='ocr_line' id='line_1_21' title="bbox 90 1665 725 1716; baseline 0.002 -16"><span class='ocrx_word' id='word_1_94' title='bbox 90 1675 155 1709; x_wconf 78' lang='lat'><strong><em>30.</em></strong></span> <span class='ocrx_word' id='word_1_95' title='bbox 187 1665 307 1716; x_wconf 78' lang='lat' dir='ltr'><strong><em>cauffa</em></strong></span> <span class='ocrx_word' id='word_1_96' title='bbox 327 1667 465 1714; x_wconf 81' lang='lat' dir='ltr'><strong><em>perire)</em></strong></span> <span class='ocrx_word' id='word_1_97' title='bbox 485 1679 558 1715; x_wconf 86' lang='lat' dir='ltr'><strong><em>pro</em></strong></span> <span class='ocrx_word' id='word_1_98' title='bbox 573 1680 725 1715; x_wconf 83' lang='lat' dir='ltr'><strong><em>pereun-</em></strong></span> 
     </span>
     <span class='ocr_line' id='line_1_22' title="bbox 34 1723 726 1771; baseline 0 -15"><span class='ocrx_word' id='word_1_99' title='bbox 34 1723 73 1756; x_wconf 71' lang='lat' dir='ltr'><strong><em>di</em></strong></span> <span class='ocrx_word' id='word_1_100' title='bbox 112 1733 159 1756; x_wconf 78' lang='lat' dir='ltr'><strong><em>ex</em></strong></span> <span class='ocrx_word' id='word_1_101' title='bbox 197 1724 420 1770; x_wconf 64' lang='lat' dir='ltr'><strong><em>graecismo,</em></strong></span> <span class='ocrx_word' id='word_1_102' title='bbox 499 1723 726 1771; x_wconf 80' lang='lat' dir='ltr'><strong><em>Lygdamus</em></strong></span> 
     </span>
     <span class='ocr_line' id='line_1_23' title="bbox 31 1778 724 1826; baseline -0.001 -12"><span class='ocrx_word' id='word_1_103' title='bbox 31 1790 127 1814; x_wconf 84' lang='lat' dir='ltr'><strong><em>vero</em></strong></span> <span class='ocrx_word' id='word_1_104' title='bbox 148 1778 305 1814; x_wconf 84' lang='lat' dir='ltr'><strong><em>videtur</em></strong></span> <span class='ocrx_word' id='word_1_105' title='bbox 324 1780 474 1814; x_wconf 79' lang='lat' dir='ltr'><strong><em>Albium</em></strong></span> <span class='ocrx_word' id='word_1_106' title='bbox 495 1779 724 1826; x_wconf 81' lang='lat' dir='ltr'><strong><em>exprimere,</em></strong></span> 
     </span>
     <span class='ocr_line' id='line_1_24' title="bbox 34 1836 725 1884; baseline -0.001 -15"><span class='ocrx_word' id='word_1_107' title='bbox 34 1847 80 1869; x_wconf 82' lang='lat' dir='ltr'><strong><em>ex</em></strong></span> <span class='ocrx_word' id='word_1_108' title='bbox 99 1847 229 1882; x_wconf 83' lang='lat' dir='ltr'><strong><em>graeca</em></strong></span> <span class='ocrx_word' id='word_1_109' title='bbox 248 1836 588 1884; x_wconf 85' lang='lat' dir='ltr'><strong><em>interpretatione:</em></strong></span> <span class='ocrx_word' id='word_1_110' title='bbox 620 1836 725 1881; x_wconf 78' lang='lat' dir='ltr'>Lyg-</span> 
     </span>
     <span class='ocr_line' id='line_1_25' title="bbox 35 1890 724 1927; baseline 0.001 -3"><span class='ocrx_word' id='word_1_111' title='bbox 35 1890 172 1925; x_wconf 75' lang='lat' dir='ltr'><strong><em>diuum</em></strong></span> <span class='ocrx_word' id='word_1_112' title='bbox 208 1905 384 1927; x_wconf 84' lang='lat' dir='ltr'><strong><em>marmor</em></strong></span> <span class='ocrx_word' id='word_1_113' title='bbox 427 1892 477 1927; x_wconf 84' lang='lat' dir='ltr'><strong><em>est</em></strong></span> <span class='ocrx_word' id='word_1_114' title='bbox 508 1890 724 1926; x_wconf 79' lang='lat' dir='ltr'><strong><em>candidiffi-</em></strong></span> 
     </span>
     <span class='ocr_line' id='line_1_26' title="bbox 33 1958 156 1981; baseline 0.008 -1"><span class='ocrx_word' id='word_1_115' title='bbox 33 1958 156 1981; x_wconf 81' lang='lat' dir='ltr'><strong><em>mum.</em></strong></span> 
     </span>
    </p>

    <p class='ocr_par' dir='ltr' id='par_1_12' title="bbox 230 2002 530 2052">
     <span class='ocr_line' id='line_1_27' title="bbox 230 2002 530 2052; baseline 0.007 -15"><span class='ocrx_word' id='word_1_116' title='bbox 230 2002 413 2052; x_wconf 79' lang='lat' dir='ltr'><strong><em>Elegia</em></strong></span> <span class='ocrx_word' id='word_1_117' title='bbox 447 2006 530 2039; x_wconf 89' lang='lat'>111.</span> 
     </span>
    </p>

    <p class='ocr_par' dir='ltr' id='par_1_13' title="bbox 30 2059 724 2443">
     <span class='ocr_line' id='line_1_28' title="bbox 103 2059 724 2109; baseline 0 -16"><span class='ocrx_word' id='word_1_118' title='bbox 103 2061 151 2095; x_wconf 88' lang='lat' dir='ltr'><strong><em>In</em></strong></span> <span class='ocrx_word' id='word_1_119' title='bbox 189 2059 325 2094; x_wconf 86' lang='lat' dir='ltr'><strong><em>eodem</em></strong></span> <span class='ocrx_word' id='word_1_120' title='bbox 368 2060 533 2097; x_wconf 87' lang='lat' dir='ltr'><strong><em>discidio</em></strong></span> <span class='ocrx_word' id='word_1_121' title='bbox 563 2060 724 2109; x_wconf 82' lang='lat' dir='ltr'><strong><em>perscri-</em></strong></span> 
     </span>
     <span class='ocr_line' id='line_1_29' title="bbox 31 2115 724 2164; baseline -0.001 -13"><span class='ocrx_word' id='word_1_122' title='bbox 31 2126 141 2164; x_wconf 84' lang='lat' dir='ltr'><strong><em>ptum</em></strong></span> <span class='ocrx_word' id='word_1_123' title='bbox 165 2125 202 2151; x_wconf 87' lang='lat' dir='ltr'><strong><em>et</em></strong></span> <span class='ocrx_word' id='word_1_124' title='bbox 220 2115 296 2150; x_wconf 90' lang='lat' dir='ltr'><strong><em>hoc</em></strong></span> <span class='ocrx_word' id='word_1_125' title='bbox 317 2128 469 2152; x_wconf 85' lang='lat' dir='ltr'><strong><em>carmen</em></strong></span> <span class='ocrx_word' id='word_1_126' title='bbox 489 2117 660 2152; x_wconf 80' lang='lat' dir='ltr'><strong><em>nitidum</em></strong></span> <span class='ocrx_word' id='word_1_127' title='bbox 682 2128 724 2150; x_wconf 83' lang='lat' dir='ltr'><strong><em>ac</em></strong></span> 
     </span>
     <span class='ocr_line' id='line_1_30' title="bbox 32 2170 723 2211; baseline 0.001 -5"><span class='ocrx_word' id='word_1_128' title='bbox 32 2170 175 2211; x_wconf 76' lang='lat' dir='ltr'><strong><em>molle,</em></strong></span> <span class='ocrx_word' id='word_1_129' title='bbox 220 2182 396 2207; x_wconf 82' lang='lat' dir='ltr'><strong><em>ornatum</em></strong></span> <span class='ocrx_word' id='word_1_130' title='bbox 437 2184 584 2208; x_wconf 79' lang='lat' dir='ltr'><strong><em>tamen:</em></strong></span> <span class='ocrx_word' id='word_1_131' title='bbox 631 2182 723 2207; x_wconf 81' lang='lat' dir='ltr'><strong><em>vota</em></strong></span> 
     </span>
     <span class='ocr_line' id='line_1_31' title="bbox 31 2227 724 2267; baseline -0.004 -3"><span class='ocrx_word' id='word_1_132' title='bbox 31 2227 103 2264; x_wconf 72' lang='lat' dir='ltr'><strong><em>sibi</em></strong></span> <span class='ocrx_word' id='word_1_133' title='bbox 124 2228 176 2262; x_wconf 84' lang='lat' dir='ltr'><strong><em>ait</em></strong></span> <span class='ocrx_word' id='word_1_134' title='bbox 197 2228 307 2262; x_wconf 82' lang='lat' dir='ltr'><strong><em>fuisse</em></strong></span> <span class='ocrx_word' id='word_1_135' title='bbox 330 2228 448 2267; x_wconf 78' lang='lat' dir='ltr'>nulla,</span> <span class='ocrx_word' id='word_1_136' title='bbox 478 2229 550 2263; x_wconf 85' lang='lat' dir='ltr'><strong><em>nisi</em></strong></span> <span class='ocrx_word' id='word_1_137' title='bbox 571 2239 613 2263; x_wconf 83' lang='lat' dir='ltr'><strong><em>ut</em></strong></span> <span class='ocrx_word' id='word_1_138' title='bbox 635 2241 724 2262; x_wconf 86' lang='lat' dir='ltr'><strong><em>cum</em></strong></span> 
     </span>
     <span class='ocr_line' id='line_1_32' title="bbox 31 2284 724 2332; baseline -0.004 -12"><span class='ocrx_word' id='word_1_139' title='bbox 31 2285 180 2320; x_wconf 78' lang='lat' dir='ltr'><strong><em>Neaera</em></strong></span> <span class='ocrx_word' id='word_1_140' title='bbox 204 2284 326 2318; x_wconf 79' lang='lat' dir='ltr'><strong><em>vitam</em></strong></span> <span class='ocrx_word' id='word_1_141' title='bbox 359 2285 551 2332; x_wconf 83' lang='lat' dir='ltr'><strong><em>exigeret;</em></strong></span> <span class='ocrx_word' id='word_1_142' title='bbox 584 2285 659 2318; x_wconf 80' lang='lat' dir='ltr'><strong><em>sine</em></strong></span> <span class='ocrx_word' id='word_1_143' title='bbox 683 2297 724 2318; x_wconf 85' lang='lat' dir='ltr'><strong><em>ea</em></strong></span> 
     </span>
     <span class='ocr_line' id='line_1_33' title="bbox 30 2340 723 2381; baseline 0.003 -8"><span class='ocrx_word' id='word_1_144' title='bbox 30 2341 61 2373; x_wconf 78' lang='lat' dir='ltr'>fi</span> <span class='ocrx_word' id='word_1_145' title='bbox 91 2340 308 2374; x_wconf 82' lang='lat' dir='ltr'><strong><em>vivendum</em></strong></span> <span class='ocrx_word' id='word_1_146' title='bbox 339 2340 406 2381; x_wconf 86' lang='lat' dir='ltr'><strong><em>sit,</em></strong></span> <span class='ocrx_word' id='word_1_147' title='bbox 451 2341 552 2376; x_wconf 79' lang='lat' dir='ltr'><strong><em>vitae</em></strong></span> <span class='ocrx_word' id='word_1_148' title='bbox 581 2353 723 2375; x_wconf 86' lang='lat' dir='ltr'><strong><em>munus</em></strong></span> 
     </span>
     <span class='ocr_line' id='line_1_34' title="bbox 33 2395 269 2443; baseline 0 -13"><span class='ocrx_word' id='word_1_149' title='bbox 33 2395 269 2443; x_wconf 80' lang='lat' dir='ltr'><strong><em>deprecatur.</em></strong></span> 
     </span>
    </p>

    <p class='ocr_par' dir='ltr' id='par_1_14' title="bbox 32 2449 726 2669">
     <span class='ocr_line' id='line_1_35' title="bbox 97 2449 722 2502; baseline 0 -15"><span class='ocrx_word' id='word_1_150' title='bbox 97 2466 130 2487; x_wconf 74' lang='grc' dir='ltr'><strong><em>ι.</em></strong></span> <span class='ocrx_word' id='word_1_151' title='bbox 175 2452 273 2502; x_wconf 68' lang='lat' dir='ltr'><strong><em>Quid</em></strong></span> <span class='ocrx_word' id='word_1_152' title='bbox 313 2449 461 2499; x_wconf 66' lang='lat' dir='ltr'><strong><em>procles}</em></strong></span> <span class='ocrx_word' id='word_1_153' title='bbox 489 2453 574 2499; x_wconf 89' lang='lat'><strong><em>--)</em></strong></span> <span class='ocrx_word' id='word_1_154' title='bbox 627 2454 722 2488; x_wconf 71' lang='lat' dir='ltr'><strong><em>Puta</em></strong></span> 
     </span>
     <span class='ocr_line' id='line_1_36' title="bbox 32 2507 723 2556; baseline 0 -13"><span class='ocrx_word' id='word_1_155' title='bbox 32 2507 150 2543; x_wconf 77' lang='lat' dir='ltr'><strong><em>verba</em></strong></span> <span class='ocrx_word' id='word_1_156' title='bbox 179 2508 274 2543; x_wconf 85' lang='lat' dir='ltr'><strong><em>haec</em></strong></span> <span class='ocrx_word' id='word_1_157' title='bbox 304 2520 504 2555; x_wconf 82' lang='lat' dir='ltr'><strong><em>erumpere</em></strong></span> <span class='ocrx_word' id='word_1_158' title='bbox 536 2522 600 2544; x_wconf 89' lang='lat' dir='ltr'><strong><em>ore</em></strong></span> <span class='ocrx_word' id='word_1_159' title='bbox 633 2521 723 2556; x_wconf 83' lang='lat' dir='ltr'><strong><em>poe·</em></strong></span> 
     </span>
     <span class='ocr_line' id='line_1_37' title="bbox 33 2564 724 2612; baseline -0.001 -14"><span class='ocrx_word' id='word_1_160' title='bbox 33 2574 92 2599; x_wconf 79' lang='lat' dir='ltr'><strong><em>tae</em></strong></span> <span class='ocrx_word' id='word_1_161' title='bbox 119 2564 339 2612; x_wconf 73' lang='lat' dir='ltr'><strong><em>graviffimo</em></strong></span> <span class='ocrx_word' id='word_1_162' title='bbox 368 2565 506 2599; x_wconf 81' lang='lat' dir='ltr'><strong><em>affectu</em></strong></span> <span class='ocrx_word' id='word_1_163' title='bbox 535 2564 724 2612; x_wconf 81' lang='lat' dir='ltr'><strong><em>oppreffi;</em></strong></span> 
     </span>
     <span class='ocr_line' id='line_1_38' title="bbox 34 2619 726 2669; baseline 0.001 -15"><span class='ocrx_word' id='word_1_164' title='bbox 34 2619 208 2667; x_wconf 78' lang='lat' dir='ltr'><strong><em>adeoque</em></strong></span> <span class='ocrx_word' id='word_1_165' title='bbox 234 2619 509 2669; x_wconf 83' lang='lat' dir='ltr'><strong><em>supplendum:</em></strong></span> <span class='ocrx_word' id='word_1_166' title='bbox 544 2621 572 2654; x_wconf 85' lang='lat' dir='ltr'><strong><em>si</em></strong></span> <span class='ocrx_word' id='word_1_167' title='bbox 599 2631 726 2655; x_wconf 75' lang='lat' dir='ltr'><strong><em>tamen</em></strong></span> 
     </span>
    </p>
   </div>
   <div class='ocr_carea' id='block_1_11' title="bbox 34 2673 727 2724">
    <p class='ocr_par' dir='ltr' id='par_1_15' title="bbox 34 2673 727 2724">
     <span class='ocr_line' id='line_1_39' title="bbox 34 2673 727 2724; baseline 0.004 -15"><span class='ocrx_word' id='word_1_168' title='bbox 34 2673 151 2724; x_wconf 70' lang='lat' dir='ltr'><strong><em>longa</em></strong></span> <span class='ocrx_word' id='word_1_169' title='bbox 173 2676 337 2715; x_wconf 70' lang='lat' dir='ltr'><strong><em>absentia</em></strong></span> <span class='ocrx_word' id='word_1_170' title='bbox 358 2677 404 2714; x_wconf 78' lang='lat' dir='ltr'><strong><em>ab</em></strong></span> <span class='ocrx_word' id='word_1_171' title='bbox 426 2677 547 2714; x_wconf 73' lang='lat' dir='ltr'><strong>amica</strong></span> <span class='ocrx_word' id='word_1_172' title='bbox 580 2677 727 2713; x_wconf 65' lang='lat' dir='ltr'><strong><em>disiun-</em></strong></span> 
     </span>
    </p>
   </div>
   <div class='ocr_carea' id='block_1_12' title="bbox 1385 1017 1495 1066">
    <p class='ocr_par' dir='ltr' id='par_1_16' title="bbox 1385 1017 1495 1066">
     <span class='ocr_line' id='line_1_40' title="bbox 1385 1017 1495 1066; baseline 0.009 -1"><span class='ocrx_word' id='word_1_173' title='bbox 1385 1017 1495 1066; x_wconf 86' lang='lat' dir='ltr'><strong><em>Aut</em></strong></span> 
     </span>
    </p>
   </div>
   <div class='ocr_carea' id='block_1_13' title="bbox 788 1161 1490 2714">
    <p class='ocr_par' dir='ltr' id='par_1_17' title="bbox 796 1161 1490 1322">
     <span class='ocr_line' id='line_1_41' title="bbox 799 1161 1490 1198; baseline 0.003 -3"><span class='ocrx_word' id='word_1_174' title='bbox 799 1171 883 1196; x_wconf 86' lang='lat' dir='ltr'><strong><em>ctus</em></strong></span> <span class='ocrx_word' id='word_1_175' title='bbox 902 1161 1003 1196; x_wconf 79' lang='lat' dir='ltr'><strong><em>sum!</em></strong></span> <span class='ocrx_word' id='word_1_176' title='bbox 1037 1162 1084 1197; x_wconf 89' lang='lat' dir='ltr'><strong><em>H.</em></strong></span> <span class='ocrx_word' id='word_1_177' title='bbox 1137 1161 1289 1197; x_wconf 85' lang='lat' dir='ltr'><strong><em>Caelum</em></strong></span> <span class='ocrx_word' id='word_1_178' title='bbox 1308 1165 1408 1198; x_wconf 80' lang='lat' dir='ltr'><strong><em>votis</em></strong></span> <span class='ocrx_word' id='word_1_179' title='bbox 1427 1166 1490 1197; x_wconf 84' lang='lat' dir='ltr'><strong><em>im-</em></strong></span> 
     </span>
     <span class='ocr_line' id='line_1_42' title="bbox 796 1216 1490 1265; baseline 0.004 -14"><span class='ocrx_word' id='word_1_180' title='bbox 796 1216 922 1265; x_wconf 81' lang='lat' dir='ltr'><strong><em>pleffe.</em></strong></span> <span class='ocrx_word' id='word_1_181' title='bbox 957 1217 1367 1265; x_wconf 65' lang='lat' dir='ltr'><strong><em>Virg.Aen‚IX,212‚:</em></strong></span> <span class='ocrx_word' id='word_1_182' title='bbox 1403 1231 1490 1255; x_wconf 82' lang='lat' dir='ltr'><strong><em>one-</em></strong></span> 
     </span>
     <span class='ocr_line' id='line_1_43' title="bbox 796 1274 1374 1322; baseline 0.003 -15"><span class='ocrx_word' id='word_1_183' title='bbox 796 1275 963 1322; x_wconf 76' lang='lat' dir='ltr'><strong><em>ravitque</em></strong></span> <span class='ocrx_word' id='word_1_184' title='bbox 996 1274 1144 1308; x_wconf 77' lang='lat' dir='ltr'><strong><em>aethera</em></strong></span> <span class='ocrx_word' id='word_1_185' title='bbox 1167 1276 1277 1309; x_wconf 78' lang='lat' dir='ltr'><strong><em>votis.</em></strong></span> <span class='ocrx_word' id='word_1_186' title='bbox 1308 1276 1374 1309; x_wconf 90' lang='lat' dir='ltr'><strong><em>W.</em></strong></span> 
     </span>
    </p>

    <p class='ocr_par' dir='ltr' id='par_1_18' title="bbox 791 1326 1490 1826">
     <span class='ocr_line' id='line_1_44' title="bbox 853 1326 1490 1382; baseline 0.002 -19"><span class='ocrx_word' id='word_1_187' title='bbox 853 1338 890 1364; x_wconf 85' lang='lat'><strong><em>2.</em></strong></span> <span class='ocrx_word' id='word_1_188' title='bbox 918 1326 1244 1382; x_wconf 78' lang='lat' dir='ltr'><strong><em>Blanda—tura)</em></strong></span> <span class='ocrx_word' id='word_1_189' title='bbox 1267 1333 1361 1369; x_wconf 91' lang='lat' dir='ltr'><strong><em>Voc.</em></strong></span> <span class='ocrx_word' id='word_1_190' title='bbox 1386 1331 1490 1366; x_wconf 76' lang='lat' dir='ltr'><em>blan·</em></span> 
     </span>
     <span class='ocr_line' id='line_1_45' title="bbox 796 1384 1490 1433; baseline 0.007 -16"><span class='ocrx_word' id='word_1_191' title='bbox 796 1384 862 1419; x_wconf 84' lang='lat' dir='ltr'><strong><em>dus</em></strong></span> <span class='ocrx_word' id='word_1_192' title='bbox 912 1386 1101 1422; x_wconf 85' lang='lat' dir='ltr'><strong><em>tribuitur</em></strong></span> <span class='ocrx_word' id='word_1_193' title='bbox 1148 1387 1396 1433; x_wconf 81' lang='lat' dir='ltr'><strong><em>precantibus</em></strong></span> <span class='ocrx_word' id='word_1_194' title='bbox 1452 1397 1490 1422; x_wconf 86' lang='lat' dir='ltr'><strong><em>et</em></strong></span> 
     </span>
     <span class='ocr_line' id='line_1_46' title="bbox 793 1440 1489 1490; baseline 0.004 -16"><span class='ocrx_word' id='word_1_195' title='bbox 793 1440 1059 1490; x_wconf 77' lang='lat' dir='ltr'><strong><em>supplicibus:</em></strong></span> <span class='ocrx_word' id='word_1_196' title='bbox 1091 1443 1193 1476; x_wconf 88' lang='lat' dir='ltr'><strong><em>unde</em></strong></span> <span class='ocrx_word' id='word_1_197' title='bbox 1217 1453 1254 1477; x_wconf 89' lang='lat' dir='ltr'><strong><em>et</em></strong></span> <span class='ocrx_word' id='word_1_198' title='bbox 1276 1444 1376 1490; x_wconf 83' lang='lat' dir='ltr'><strong><em>ipsae</em></strong></span> <span class='ocrx_word' id='word_1_199' title='bbox 1405 1457 1489 1490; x_wconf 87' lang='lat' dir='ltr'><strong><em>pre-</em></strong></span> 
     </span>
     <span class='ocr_line' id='line_1_47' title="bbox 794 1494 1489 1544; baseline 0.003 -14"><span class='ocrx_word' id='word_1_200' title='bbox 794 1510 872 1538; x_wconf 85' lang='lat' dir='ltr'><strong><em>ces,</em></strong></span> <span class='ocrx_word' id='word_1_201' title='bbox 902 1511 1026 1537; x_wconf 80' lang='lat' dir='ltr'><strong><em>voces,</em></strong></span> <span class='ocrx_word' id='word_1_202' title='bbox 1059 1494 1211 1544; x_wconf 77' lang='lat' dir='ltr'><strong><em>hostiae,</em></strong></span> <span class='ocrx_word' id='word_1_203' title='bbox 1243 1510 1279 1533; x_wconf 92' lang='lat' dir='ltr'><strong><em>et</em></strong></span> <span class='ocrx_word' id='word_1_204' title='bbox 1299 1499 1337 1532; x_wconf 78' lang='lat' dir='ltr'><strong><em>h.</em></strong></span> <span class='ocrx_word' id='word_1_205' title='bbox 1360 1498 1384 1534; x_wconf 90' lang='lat' dir='ltr'><strong><em>l.</em></strong></span> <span class='ocrx_word' id='word_1_206' title='bbox 1407 1508 1489 1533; x_wconf 78' lang='lat' dir='ltr'><strong><em>tura</em></strong></span> 
     </span>
     <span class='ocr_line' id='line_1_48' title="bbox 794 1551 1487 1601; baseline 0.004 -15"><span class='ocrx_word' id='word_1_207' title='bbox 794 1551 933 1588; x_wconf 81' lang='lat' dir='ltr'><em>blanda</em></span> <span class='ocrx_word' id='word_1_208' title='bbox 954 1554 1155 1594; x_wconf 78' lang='lat' dir='ltr'><strong><em>dicuntur,</em></strong></span> <span class='ocrx_word' id='word_1_209' title='bbox 1189 1554 1279 1601; x_wconf 87' lang='lat' dir='ltr'><strong><em>quia</em></strong></span> <span class='ocrx_word' id='word_1_210' title='bbox 1309 1567 1397 1589; x_wconf 90' lang='lat' dir='ltr'><strong><em>cum</em></strong></span> <span class='ocrx_word' id='word_1_211' title='bbox 1420 1555 1487 1589; x_wconf 75' lang='lat' dir='ltr'><strong><em>ista</em></strong></span> 
     </span>
     <span class='ocr_line' id='line_1_49' title="bbox 793 1610 1486 1645; baseline 0.003 -2"><span class='ocrx_word' id='word_1_212' title='bbox 793 1610 916 1644; x_wconf 84' lang='lat' dir='ltr'>animi</span> <span class='ocrx_word' id='word_1_213' title='bbox 947 1610 1149 1644; x_wconf 82' lang='lat' dir='ltr'><strong><em>affectione</em></strong></span> <span class='ocrx_word' id='word_1_214' title='bbox 1189 1610 1277 1645; x_wconf 77' lang='lat' dir='ltr'><strong><em>Diis</em></strong></span> <span class='ocrx_word' id='word_1_215' title='bbox 1316 1611 1486 1645; x_wconf 77' lang='lat' dir='ltr'><strong><em>offerun-</em></strong></span> 
     </span>
     <span class='ocr_line' id='line_1_50' title="bbox 792 1666 1486 1713; baseline 0.001 -13"><span class='ocrx_word' id='word_1_216' title='bbox 792 1675 868 1700; x_wconf 90' lang='lat' dir='ltr'><strong><em>tur.</em></strong></span> <span class='ocrx_word' id='word_1_217' title='bbox 902 1667 951 1700; x_wconf 90' lang='lat' dir='ltr'><strong><em>H.</em></strong></span> <span class='ocrx_word' id='word_1_218' title='bbox 1022 1666 1169 1700; x_wconf 79' lang='lat' dir='ltr'><em>Blanda</em></span> <span class='ocrx_word' id='word_1_219' title='bbox 1201 1666 1241 1700; x_wconf 86' lang='lat' dir='ltr'><strong><em>h.</em></strong></span> <span class='ocrx_word' id='word_1_220' title='bbox 1273 1680 1304 1700; x_wconf 87' lang='lat' dir='ltr'><strong><em>e.</em></strong></span> <span class='ocrx_word' id='word_1_221' title='bbox 1341 1667 1486 1713; x_wconf 83' lang='lat' dir='ltr'><strong><em>quibus</em></strong></span> 
     </span>
     <span class='ocr_line' id='line_1_51' title="bbox 793 1721 1485 1770; baseline 0.001 -14"><span class='ocrx_word' id='word_1_222' title='bbox 793 1721 851 1755; x_wconf 83' lang='lat' dir='ltr'><strong><em>dii</em></strong></span> <span class='ocrx_word' id='word_1_223' title='bbox 871 1722 1083 1770; x_wconf 80' lang='lat' dir='ltr'><strong><em>placantur.</em></strong></span> <span class='ocrx_word' id='word_1_224' title='bbox 1124 1722 1294 1757; x_wconf 80' lang='lat' dir='ltr'><strong>Blandus</strong></span> <span class='ocrx_word' id='word_1_225' title='bbox 1316 1723 1385 1769; x_wconf 79' lang='lat' dir='ltr'><strong><em>qui</em></strong></span> <span class='ocrx_word' id='word_1_226' title='bbox 1400 1722 1485 1770; x_wconf 86' lang='lat' dir='ltr'><strong><em>pol-</em></strong></span> 
     </span>
     <span class='ocr_line' id='line_1_52' title="bbox 791 1776 1341 1826; baseline 0.004 -14"><span class='ocrx_word' id='word_1_227' title='bbox 791 1776 846 1812; x_wconf 87' lang='lat' dir='ltr'><strong><em>let</em></strong></span> <span class='ocrx_word' id='word_1_228' title='bbox 868 1789 945 1814; x_wconf 86' lang='lat' dir='ltr'><strong><em>arte</em></strong></span> <span class='ocrx_word' id='word_1_229' title='bbox 967 1791 1034 1826; x_wconf 73' lang='lat' dir='ltr'><strong><em>pel</em></strong></span> <span class='ocrx_word' id='word_1_230' title='bbox 1039 1778 1231 1815; x_wconf 83' lang='lat' dir='ltr'><strong><em>suadendi.</em></strong></span> <span class='ocrx_word' id='word_1_231' title='bbox 1275 1779 1341 1814; x_wconf 88' lang='lat' dir='ltr'><strong><em>W.</em></strong></span> 
     </span>
    </p>

    <p class='ocr_par' dir='ltr' id='par_1_19' title="bbox 788 1834 1485 2502">
     <span class='ocr_line' id='line_1_53' title="bbox 849 1834 1484 1883; baseline 0.003 -15"><span class='ocrx_word' id='word_1_232' title='bbox 849 1841 887 1881; x_wconf 74' lang='grc'><strong><em>4.</em></strong></span> <span class='ocrx_word' id='word_1_233' title='bbox 922 1834 1079 1883; x_wconf 77' lang='lat' dir='ltr'><strong><em>Insignis</em></strong></span> <span class='ocrx_word' id='word_1_234' title='bbox 1112 1835 1212 1870; x_wconf 83' lang='lat' dir='ltr'><strong><em>clara</em></strong></span> <span class='ocrx_word' id='word_1_235' title='bbox 1252 1854 1305 1861; x_wconf 87' lang='lat'><strong><em>-—</em></strong></span> <span class='ocrx_word' id='word_1_236' title='bbox 1345 1835 1484 1883; x_wconf 87' lang='lat' dir='ltr'><strong><em>domo)</em></strong></span> 
     </span>
     <span class='ocr_line' id='line_1_54' title="bbox 791 1890 1485 1939; baseline 0.001 -14"><span class='ocrx_word' id='word_1_237' title='bbox 791 1904 864 1939; x_wconf 82' lang='lat' dir='ltr'><strong><em>pro</em></strong></span> <span class='ocrx_word' id='word_1_238' title='bbox 885 1890 1040 1938; x_wconf 70' lang='lat' dir='ltr'><strong><em>vulgaii</em></strong></span> <span class='ocrx_word' id='word_1_239' title='bbox 1058 1890 1202 1927; x_wconf 84' lang='lat' dir='ltr'><strong><em>habens</em></strong></span> <span class='ocrx_word' id='word_1_240' title='bbox 1224 1891 1386 1926; x_wconf 85' lang='lat' dir='ltr'><strong><em>domum</em></strong></span> <span class='ocrx_word' id='word_1_241' title='bbox 1406 1905 1485 1926; x_wconf 85' lang='lat' dir='ltr'><strong><em>ma-</em></strong></span> 
     </span>
     <span class='ocr_line' id='line_1_55' title="bbox 792 1946 1482 1995; baseline 0.001 -14"><span class='ocrx_word' id='word_1_242' title='bbox 792 1947 937 1995; x_wconf 84' lang='lat' dir='ltr'><strong><em>gnifice</em></strong></span> <span class='ocrx_word' id='word_1_243' title='bbox 963 1946 1112 1982; x_wconf 83' lang='lat' dir='ltr'><strong><em>factam.</em></strong></span> <span class='ocrx_word' id='word_1_244' title='bbox 1150 1948 1230 1984; x_wconf 88' lang='lat' dir='ltr'>Cic.</span> <span class='ocrx_word' id='word_1_245' title='bbox 1255 1947 1332 1983; x_wconf 84' lang='lat' dir='ltr'><strong><em>Off.</em></strong></span> <span class='ocrx_word' id='word_1_246' title='bbox 1355 1951 1381 1986; x_wconf 82' lang='lat' dir='ltr'><strong><em>I,</em></strong></span> <span class='ocrx_word' id='word_1_247' title='bbox 1417 1957 1482 1994; x_wconf 82' lang='lat'><strong><em>39.</em></strong></span> 
     </span>
     <span class='ocr_line' id='line_1_56' title="bbox 795 2002 1485 2052; baseline -0.003 -13"><span class='ocrx_word' id='word_1_248' title='bbox 795 2005 861 2039; x_wconf 87' lang='lat' dir='ltr'><strong><em>Cn.</em></strong></span> <span class='ocrx_word' id='word_1_249' title='bbox 886 2003 1042 2038; x_wconf 78' lang='lat' dir='ltr'><strong><em>Octavio</em></strong></span> <span class='ocrx_word' id='word_1_250' title='bbox 1067 2003 1199 2038; x_wconf 78' lang='lat' dir='ltr'><strong><em>honori</em></strong></span> <span class='ocrx_word' id='word_1_251' title='bbox 1214 2002 1327 2052; x_wconf 67' lang='lat' dir='ltr'><strong><em>flasse</em></strong></span> <span class='ocrx_word' id='word_1_252' title='bbox 1347 2005 1485 2049; x_wconf 79' lang='lat' dir='ltr'><strong><em>accepi-</em></strong></span> 
     </span>
     <span class='ocr_line' id='line_1_57' title="bbox 793 2058 1484 2108; baseline 0.001 -15"><span class='ocrx_word' id='word_1_253' title='bbox 793 2072 895 2098; x_wconf 78' lang='lat' dir='ltr'><strong><em>mut,</em></strong></span> <span class='ocrx_word' id='word_1_254' title='bbox 943 2060 1044 2108; x_wconf 85' lang='lat' dir='ltr'><strong><em>quod</em></strong></span> <span class='ocrx_word' id='word_1_255' title='bbox 1083 2060 1310 2107; x_wconf 83' lang='lat' dir='ltr'><strong><em>praeclaram</em></strong></span> <span class='ocrx_word' id='word_1_256' title='bbox 1349 2058 1484 2106; x_wconf 75' lang='lat' dir='ltr'><strong><em>aedifi-</em></strong></span> 
     </span>
     <span class='ocr_line' id='line_1_58' title="bbox 791 2113 1484 2164; baseline 0 -14"><span class='ocrx_word' id='word_1_257' title='bbox 791 2113 903 2164; x_wconf 78' lang='lat' dir='ltr'><strong><em>caffel:</em></strong></span> <span class='ocrx_word' id='word_1_258' title='bbox 925 2118 961 2151; x_wconf 86' lang='lat' dir='ltr'><strong><em>in</em></strong></span> <span class='ocrx_word' id='word_1_259' title='bbox 973 2115 1122 2151; x_wconf 71' lang='lat' dir='ltr'><strong><em>Palatio</em></strong></span> <span class='ocrx_word' id='word_1_260' title='bbox 1145 2125 1181 2152; x_wconf 77' lang='lat' dir='ltr'><strong><em>ec</em></strong></span> <span class='ocrx_word' id='word_1_261' title='bbox 1200 2117 1348 2163; x_wconf 83' lang='lat' dir='ltr'><strong><em>plenam</em></strong></span> <span class='ocrx_word' id='word_1_262' title='bbox 1362 2117 1484 2162; x_wconf 78' lang='lat' dir='ltr'><strong><em>digni·</em></strong></span> 
     </span>
     <span class='ocr_line' id='line_1_59' title="bbox 792 2172 1483 2210; baseline 0.003 -5"><span class='ocrx_word' id='word_1_263' title='bbox 792 2173 882 2206; x_wconf 76' lang='lat' dir='ltr'><strong><em>tatis</em></strong></span> <span class='ocrx_word' id='word_1_264' title='bbox 903 2173 1060 2208; x_wconf 84' lang='lat' dir='ltr'><strong><em>domum.</em></strong></span> <span class='ocrx_word' id='word_1_265' title='bbox 1093 2173 1145 2210; x_wconf 86' lang='lat' dir='ltr'><strong><em>H.</em></strong></span> <span class='ocrx_word' id='word_1_266' title='bbox 1205 2172 1310 2207; x_wconf 72' lang='lat' dir='ltr'><strong><em>Talis</em></strong></span> <span class='ocrx_word' id='word_1_267' title='bbox 1344 2173 1483 2207; x_wconf 81' lang='lat' dir='ltr'><strong><em>domus</em></strong></span> 
     </span>
     <span class='ocr_line' id='line_1_60' title="bbox 791 2227 1482 2275; baseline -0.001 -13"><span class='ocrx_word' id='word_1_268' title='bbox 791 2228 891 2275; x_wconf 86' lang='lat' dir='ltr'><strong><em>apud</em></strong></span> <span class='ocrx_word' id='word_1_269' title='bbox 915 2227 1111 2264; x_wconf 81' lang='lat' dir='ltr'><strong><em>catullum</em></strong></span> <span class='ocrx_word' id='word_1_270' title='bbox 1145 2229 1210 2269; x_wconf 87' lang='lat'><strong><em>61,</em></strong></span> <span class='ocrx_word' id='word_1_271' title='bbox 1247 2229 1335 2271; x_wconf 84' lang='lat'>156.</span> <span class='ocrx_word' id='word_1_272' title='bbox 1371 2241 1482 2263; x_wconf 79' lang='lat' dir='ltr'><strong>voca·</strong></span> 
     </span>
     <span class='ocr_line' id='line_1_61' title="bbox 793 2284 1482 2334; baseline 0 -15"><span class='ocrx_word' id='word_1_273' title='bbox 793 2294 855 2319; x_wconf 85' lang='lat' dir='ltr'><strong><em>tur</em></strong></span> <span class='ocrx_word' id='word_1_274' title='bbox 885 2294 1017 2334; x_wconf 82' lang='lat' dir='ltr'><strong><em>potens</em></strong></span> <span class='ocrx_word' id='word_1_275' title='bbox 1049 2294 1085 2318; x_wconf 84' lang='lat' dir='ltr'><strong><em>et</em></strong></span> <span class='ocrx_word' id='word_1_276' title='bbox 1117 2284 1246 2323; x_wconf 81' lang='lat' dir='ltr'><strong><em>beata,</em></strong></span> <span class='ocrx_word' id='word_1_277' title='bbox 1294 2296 1482 2333; x_wconf 72' lang='lat' dir='ltr'><strong><em>quatenus</em></strong></span> 
     </span>
     <span class='ocr_line' id='line_1_62' title="bbox 789 2340 1481 2388; baseline -0.003 -13"><span class='ocrx_word' id='word_1_278' title='bbox 789 2342 984 2388; x_wconf 84' lang='lat' dir='ltr'><strong><em>potentiae</em></strong></span> <span class='ocrx_word' id='word_1_279' title='bbox 1008 2350 1045 2376; x_wconf 87' lang='lat' dir='ltr'><strong><em>et</em></strong></span> <span class='ocrx_word' id='word_1_280' title='bbox 1064 2340 1258 2376; x_wconf 82' lang='lat' dir='ltr'><strong><em>beatitatis</em></strong></span> <span class='ocrx_word' id='word_1_281' title='bbox 1291 2342 1328 2377; x_wconf 84' lang='lat'><strong><em>11.</em></strong></span> <span class='ocrx_word' id='word_1_282' title='bbox 1362 2355 1392 2376; x_wconf 85' lang='lat' dir='ltr'><strong><em>e.</em></strong></span> <span class='ocrx_word' id='word_1_283' title='bbox 1425 2340 1481 2374; x_wconf 81' lang='lat' dir='ltr'><strong><em>di-</em></strong></span> 
     </span>
     <span class='ocr_line' id='line_1_63' title="bbox 789 2396 1481 2444; baseline 0 -14"><span class='ocrx_word' id='word_1_284' title='bbox 789 2396 976 2433; x_wconf 82' lang='lat' dir='ltr'><strong><em>vitiarum</em></strong></span> <span class='ocrx_word' id='word_1_285' title='bbox 1019 2397 1169 2444; x_wconf 78' lang='lat' dir='ltr'><strong><em>liguum</em></strong></span> <span class='ocrx_word' id='word_1_286' title='bbox 1210 2398 1271 2433; x_wconf 83' lang='lat' dir='ltr'><strong><em>eft.</em></strong></span> <span class='ocrx_word' id='word_1_287' title='bbox 1342 2397 1481 2435; x_wconf 79' lang='lat' dir='ltr'><strong><em>Versus</em></strong></span> 
     </span>
     <span class='ocr_line' id='line_1_64' title="bbox 788 2452 1056 2502; baseline 0.004 -15"><span class='ocrx_word' id='word_1_288' title='bbox 788 2452 842 2488; x_wconf 81' lang='lat' dir='ltr'><strong><em>ita</em></strong></span> <span class='ocrx_word' id='word_1_289' title='bbox 873 2453 1056 2502; x_wconf 83' lang='lat' dir='ltr'><strong><em>legendi:</em></strong></span> 
     </span>
    </p>

    <p class='ocr_par' dir='ltr' id='par_1_20' title="bbox 845 2508 1366 2557">
     <span class='ocr_line' id='line_1_65' title="bbox 845 2508 1366 2557; baseline -0.002 -12"><span class='ocrx_word' id='word_1_290' title='bbox 845 2508 907 2546; x_wconf 86' lang='lat' dir='ltr'><strong><em>En</em></strong></span> <span class='ocrx_word' id='word_1_291' title='bbox 927 2511 994 2545; x_wconf 79' lang='lat' dir='ltr'><strong><em>tibi</em></strong></span> <span class='ocrx_word' id='word_1_292' title='bbox 1018 2511 1148 2544; x_wconf 83' lang='lat' dir='ltr'><strong><em>domus</em></strong></span> <span class='ocrx_word' id='word_1_293' title='bbox 1176 2518 1216 2544; x_wconf 86' lang='lat' dir='ltr'><strong><em>ut</em></strong></span> <span class='ocrx_word' id='word_1_294' title='bbox 1236 2518 1366 2557; x_wconf 76' lang='lat' dir='ltr'><strong><em>potens</em></strong></span> 
     </span>
    </p>

    <p class='ocr_par' dir='ltr' id='par_1_21' title="bbox 847 2566 1252 2602">
     <span class='ocr_line' id='line_1_66' title="bbox 847 2566 1252 2602; baseline -0.005 -1"><span class='ocrx_word' id='word_1_295' title='bbox 847 2566 903 2602; x_wconf 81' lang='lat' dir='ltr'><strong><em>Et:</em></strong></span> <span class='ocrx_word' id='word_1_296' title='bbox 933 2567 1042 2602; x_wconf 82' lang='lat' dir='ltr'><strong><em>beata</em></strong></span> <span class='ocrx_word' id='word_1_297' title='bbox 1071 2568 1137 2601; x_wconf 82' lang='lat' dir='ltr'><strong><em>viri</em></strong></span> <span class='ocrx_word' id='word_1_298' title='bbox 1172 2568 1252 2601; x_wconf 81' lang='lat' dir='ltr'><strong><em>tui!</em></strong></span> 
     </span>
    </p>

    <p class='ocr_par' dir='ltr' id='par_1_22' title="bbox 849 2620 1478 2675">
     <span class='ocr_line' id='line_1_67' title="bbox 849 2620 1478 2675; baseline -0.008 -15"><span class='ocrx_word' id='word_1_299' title='bbox 849 2623 955 2675; x_wconf 70' lang='lat' dir='ltr'><strong><em>Quae</em></strong></span> <span class='ocrx_word' id='word_1_300' title='bbox 975 2623 1055 2665; x_wconf 77' lang='lat' dir='ltr'><strong><em>tibi,</em></strong></span> <span class='ocrx_word' id='word_1_301' title='bbox 1079 2620 1174 2671; x_wconf 79' lang='lat' dir='ltr'><strong><em>sine,</em></strong></span> <span class='ocrx_word' id='word_1_302' title='bbox 1197 2620 1352 2671; x_wconf 78' lang='lat' dir='ltr'><strong><em>serviat,</em></strong></span> <span class='ocrx_word' id='word_1_303' title='bbox 1383 2632 1478 2659; x_wconf 76' lang='lat' dir='ltr'><strong><em>caet.</em></strong></span> 
     </span>
    </p>

    <p class='ocr_par' dir='ltr' id='par_1_23' title="bbox 1362 2679 1426 2714">
     <span class='ocr_line' id='line_1_68' title="bbox 1362 2679 1426 2714; baseline 0 -1"><span class='ocrx_word' id='word_1_304' title='bbox 1362 2679 1426 2714; x_wconf 72' lang='lat' dir='ltr'><strong><em>W.</em></strong></span> 
     </span>
    </p>
   </div>
  </div>
 </body>
</html>
