1752 2974
195 85 250 123 52
375 80 702 121 COLLATIO
744 82 1004 123 CODICIS
1044 80 1448 120 PARISIENSIS

318 202 386 245 24.
425 197 509 243 At,
547 194 832 249 quodcunque]
889 195 1005 235 Edit.
1046 209 1107 248 pr.
1150 194 1245 233 mai.
1286 205 1323 233 et
1352 196 1623 250 quodcunque,

202 252 302 292 min.
333 264 370 293 et
399 254 689 306 quodcumque.
721 274 775 282 —
835 254 1055 292 Camoenae
1086 250 1140 290 est
1170 251 1211 289 in
1243 250 1343 291 edit.
1375 252 1469 290 mai.

318 319 384 358 25·
414 312 490 363 sed
518 310 648 364 quod]
706 308 760 347 In
790 308 897 348 Cod.
927 319 970 348 et
1001 308 1103 348 edit.
1139 323 1201 362 pr.
1233 307 1332 347 min.
1363 308 1520 364 legitur
1554 310 1627 360 [eu

200 368 317 421 quod.

319 426 386 463 26.
427 422 638 473 vovemus]
701 421 809 461 Cod.
842 431 885 460 et
914 420 1016 460 edit.
1047 436 1110 474 pr.
1140 422 1236 461 mai.
1267 436 1490 469 movemus,
1536 425 1626 461 vul-

204 491 338 535 gatam
376 479 475 518 dare
499 478 640 518 voluit
667 478 767 517 edit.
797 478 896 516 min.
924 492 1126 523 nouemus.

320 547 385 583 27.
416 551 488 574 nec
517 533 660 587 tanto]
719 534 836 574 Edit.
868 534 967 574 min.
1000 550 1049 572 ne
1078 545 1207 575 ιαηίο.
1235 557 1292 565 -—
1350 537 1537 588 nomine]
1576 536 1628 576 In

204 594 399 632 omnibus
433 591 488 632 est
521 596 710 631 carmine.

320 661 387 696 50.
421 650 521 702 quid
547 664 710 702 quaque
738 648 882 694 index]
945 646 1052 686 Cod.
1084 662 1178 685 cum
1210 646 1311 685 edit.
1335 662 1396 700 pr.
1427 650 1523 688 mai.
1554 649 1628 688 ba.

207 705 280 746 bet
310 708 413 759 quid
436 721 517 759 qua
549 707 692 753 iudex,
722 705 822 744 min.
854 704 935 743 ita:
967 707 1186 757 quidnam
1209 705 1342 742 iudex.

319 774 388 810 32.
423 763 616 814 maiores]
669 761 826 801 Divifit
848 775 996 801 vocem
1020 761 1119 802 edit,
1141 776 1202 814 pr.
1228 760 1326 797 min.
1345 765 1476 800 maior
1497 778 1550 803 es,
1576 785 1632 794 -—

198 821 389 874 suturis]
438 822 631 874 Utraque
661 819 762 859 edit.
791 833 854 872 pr.
890 817 1063 857 exhibet
1083 819 1265 869 futurus.

325 888 391 925 55.
418 876 660 928 stemmate]
719 878 788 914 Ex
820 875 1016 914 omuibus
1050 875 1222 913 affertur
1253 876 1423 912 nomine.

322 941 391 984 54.
424 942 604 989 magna]
665 932 779 972 Edit.
803 948 865 986 pr.
896 932 996 970 min.
1029 932 1202 986 praebet
1219 932 1278 982 Jcc
1316 947 1355 968 a.

323 993 390 1039 56.
420 1001 568 1031 canent
597 989 758 1040 vineto]
822 989 936 1028 Edit.
970 1003 1032 1042 pr.
1066 989 1160 1026 mai.
1194 997 1339 1026 canent
1369 990 1515 1026 iuncto.

325 1059 391 1099 57.
415 1048 580 1103 potior]
642 1046 925 1086 Consentiunt
954 1059 1097 1084 omnes
1129 1055 1214 1085 tres
1245 1046 1290 1083 in
1321 1048 1418 1083 lect.
1446 1048 1594 1093 potius.

323 1114 392 1157 59.
414 1109 542 1146 ‚IVum
567 1109 656 1159 quis
684 1103 747 1154 te]
810 1103 969 1142 Omnes
995 1106 1159 1155 quisque
1188 1102 1275 1141 tibi.
1305 1122 1360 1131 —
1419 1099 1634 1152 cast-risve]

210 1161 318 1203 Cod.
346 1169 529 1212 castisve.
575 1162 690 1200 Edit.
713 1174 776 1214 pr.
803 1159 900 1199 mai.
925 1160 1137 1198 elzarttsve.

322 1226 392 1270 4ο.
422 1223 519 1260 ltine
545 1228 617 1257 aut
643 1215 773 1268 hinc]
833 1215 885 1253 In
913 1217 1014 1254 Cod.
1046 1215 1149 1254 haec
1178 1214 1307 1254 verba
1341 1224 1412 1252 aut
1439 1214 1534 1252 lu'nc·
1566 1213 1635 1253 de-

211 1275 320 1316 sunt.
347 1298 403 1308 -
462 1278 513 1317 In
541 1275 640 1314 edit.
662 1289 725 1328 pr.
747 1272 847 1310 min.
878 1272 1028 1312 vitiose
1061 1273 1135 1311 libb*
1161 1286 1238 1325 pro
1267 1271 1354 1310 tibi.

325 1342 393 1384 41.
426 1330 657 1385 premitur]
719 1329 825 1368 Cod.
854 1331 1017 1378 premit.
1047 1351 1101 1359 —
1159 1330 1233 1368 vs.
1265 1327 1350 1381 [eq.
1374 1336 1497 1378 parte
1525 1325 1636 1367 deest

207 1390 253 1428 in
282 1391 384 1430 edit.
413 1391 515 1429 min.

323 1454 393 1497 44.
435 1442 676 1497 depressior]
746 1441 863 1485 Edit.
899 1457 961 1496 pr.
994 1442 1090 1481 mai.
1128 1444 1386 1491 comprffor
1424 1441 1540 1495 legit.
1581 1462 1638 1470 —-

207 1504 372 1544 Eadem
405 1519 500 1544 cum
534 1501 642 1541 Cod.
674 1499 779 1540 vers.
810 1507 878 1548 48.
910 1498 1056 1538 scribit
1083 1502 1211 1539 [tace.

322 1571 390 1613 49.
441 1563 608 1605 Ulixen]
671 1556 779 1597 Cod.
812 1571 906 1596 cum
937 1556 1039 1596 edit.
1071 1571 1134 1610 pr.
1168 1555 1265 1595 mai.
1307 1557 1498 1607 Ulyſj'em‚
1535 1555 1636 1595 min.

216 1620 387 1660 Ulixem.

322 1685 391 1724 50.
422 1673 544 1725 dum]
605 1671 721 1711 Edit.
752 1684 815 1724 pr.
842 1669 937 1709 mai.
969 1680 1066 1709 tum.

321 1743 390 1781 51.
422 1728 670 1779 decurrerit]
730 1729 923 1781 Utraque
952 1726 1051 1766 edit.
1079 1741 1141 1781 pr.
1173 1723 1280 1778 legit
1309 1723 1552 1762 decurreret.
1580 1744 1636 1752 —

206 1791 281 1832 Vs.
308 1800 377 1839 55.
407 1804 486 1845 pro
516 1788 737 1827 includitur
768 1784 865 1824 edit.
895 1798 958 1837 pr.
983 1783 1078 1821 mai.
1111 1783 1354 1822 excluditur.

322 1856 391 1897 54.
444 1847 527 1885 Pro
580 1846 850 1894 Ciconumque
899 1840 1000 1879 Cod.
1052 1839 1196 1879 scribit
1249 1852 1528 1890 cyconumque.
1582 1858 1636 1866 —

206 1909 384 1958 reppulit
415 1917 493 1958 pro
524 1903 673 1951 repulit
705 1897 760 1938 est
790 1899 833 1936 in
865 1897 1060 1936 omnibus
1092 1896 1240 1936 tribus.

320 1970 391 2009 55.
423 1963 515 1999 Nec
542 1960 674 1998 valuit
691 1960 817 1995 Lozos
845 1952 1028 2007 coeptos]
1091 1952 1196 1992 Cod.
1228 1952 1297 1990 hic
1329 1949 1525 2004 praebet:
1556 1964 1635 1988 non

203 2023 338 2061 valuit
366 2019 528 2071 cyclops
552 2025 728 2066 tempuS,
760 2012 878 2052 editt.
906 2012 1040 2066 pwinc.
1080 2026 1161 2049 non
1189 2013 1325 2049 valuit
1353 2009 1515 2059 cyclops
1544 2022 1636 2045 coe-

198 2087 306 2130 ptos.
341 2098 398 2106 —
455 2075 538 2113 Pro
568 2075 746 2110 avertere
778 2068 887 2109 Cod.
916 2071 987 2107 dat
1018 2069 1233 2106 advenere.

319 2141 388 2181 57.
435 2134 582 2179 Victa]
642 2127 756 2167 Edit.
793 2140 856 2180 pr.
896 2125 994 2165 mai.
1035 2135 1171 2165 uncta.
1221 2146 1273 2153 --
1341 2121 1417 2160 Vs.
1451 2128 1519 2167 53.
1555 2133 1634 2173 pro

209 2195 332 2233 Vexit
367 2199 405 2229 et
443 2187 543 2228 edit.
583 2200 644 2239 pr.
686 2184 786 2225 min.
827 2187 994 2223 uexerit.
1038 2205 1092 2214 -
1162 2181 1235 2221 Vs.
1266 2188 1333 2230 59.
1368 2180 1636 2227 laeflm'gonas

202 2248 350 2289 scribit
380 2245 479 2288 edit·
508 2243 604 2282 mai.

319 2307 386 2344 60.
426 2303 599 2341 Artacie
621 2296 788 2349 gelida]
861 2294 968 2335 Cod.
1009 2305 1169 2334 artaere
1212 2294 1278 2344 (in
1310 2295 1451 2333 collat.
1486 2289 1635 2328 adscri-

202 2373 347 2417 ptum:
379 2356 548 2399 fortaffe
581 2356 758 2400 artaere)
781 2354 964 2404 gelidos,
996 2353 1097 2393 edit.
1129 2367 1192 2407 pr.
1222 2351 1319 2390 mai.
1354 2351 1532 2388 mattiae
1555 2361 1631 2398 ge-

204 2423 328 2467 lidos,
369 2418 471 2457 min.
503 2416 687 2453 atraciae
711 2412 877 2463 gelidos.

318 2478 384 2515 62.
412 2472 557 2526 foret]
618 2483 724 2507 ceres
757 2466 917 2523 legitur
947 2467 992 2506 in
1021 2466 1122 2507 edit.
1153 2480 1215 2519 pr.
1247 2463 1342 2503 mai.

317 2535 383 2583 64.
429 2524 762 2575 szmmeriorum]
831 2523 934 2562 Cod.
973 2528 1239 2570 cimmericum,
1296 2519 1398 2562 edit.
1436 2530 1498 2571 pr.
1537 2513 1633 2554 mai.

203 2592 491 2634 elzimmen'on,
531 2586 632 2625 min.
663 2584 907 2634 clqymerion.

1390 2632 1457 2676 65.
1493 2627 1635 2679 Queis]
