1752 2974
312 150 664 193 CODICIBVS
705 148 778 184 ET
818 143 1254 183 EDITIONIBVS.
1389 148 1532 181 XLVII

209 267 310 303 Haec
332 267 462 303 eadem
484 263 623 308 editio,
655 261 755 297 utin
785 259 869 296 aliis
892 257 1045 296 Aldinis
1070 257 1230 301 sactum,
1270 251 1347 290 fine
1377 253 1469 289 anni
1498 261 1534 289 et

96 336 171 373 loci
200 344 288 372 nota
318 333 475 385 prostat.
533 330 599 368 Est
631 339 755 367 autem
783 329 876 365 haec
910 329 1010 365 inter
1042 323 1212 362 clasficas
1243 324 1431 359 editiones
1459 321 1533 357 ha—

96 405 246 450 benda,
290 402 600 453 quandoquidem
630 399 836 436 multarum
875 398 940 434 illa
971 395 1209 446 sequentium
1254 389 1356 442 quast
1392 404 1534 442 parens

96 483 208 523 atque
235 488 361 510 earum
391 486 563 522 quoque,
604 484 699 519 quae
735 467 1012 505 emendatiores
1039 464 1241 514 prodiere,
1274 462 1415 498 fundus
1449 462 1533 497 suit.

95 542 317 593 Expreffain
336 556 415 578 cam
438 540 510 577 effe
531 555 576 576 ex
596 539 792 589 superiore
810 538 956 574 Veneta
984 535 1100 572 1500.
1132 531 1280 581 liquido
1311 531 1406 567 mihi
1437 544 1535 567 con-

96 611 187 658 stat,
226 611 405 662 pluribus
445 609 675 646 lectionibus
718 606 967 657 comparatis,
1015 602 1269 639 correctiones
1301 609 1428 637 tamen
1462 600 1538 637 viri

96 681 199 717 docti
222 679 285 717 seu
306 681 461 717 Avantii
482 678 546 715 seu
569 678 659 714 Aldi
684 685 837 727 experta
859 675 932 721 est,
964 674 1003 709 in
1030 672 1182 709 Catullo
1207 672 1337 720 utique
1367 668 1538 715 Avantii,

97 751 137 786 id
160 749 262 800 quod
294 750 332 785 in
361 749 599 799 praefatione
632 745 712 797 ipse
744 746 866 782 Aldus
894 742 1061 780 testatur.
1128 742 1235 778 Idem
1266 741 1317 777 ait
1347 738 1539 776 nonnulla

99 817 276 856 asterisco
304 828 433 855 notata
467 822 510 855 in
528 819 620 866 fine
644 818 775 866 operis
796 816 915 851 alite-1-
934 821 1051 864 atque
1070 813 1190 850 aliter
1208 811 1287 860 legi
1309 808 1539 847 excudenda

98 890 272 934 curaffe:
304 889 407 938 quod
430 897 556 924 tamen
576 885 800 937 praestitum
817 883 864 920 ab
890 883 992 919 Aldo
1015 896 1094 919 non
1118 882 1223 929 vidi,
1255 878 1318 916 etfi
1339 878 1453 929 plura
1474 879 1540 914 in-

98 955 286 1008 spexerim
317 958 571 1007 exemplaria3
608 956 731 991 habco
764 954 865 990 enim
894 953 1103 988 etiamnum
1135 952 1174 987 in
1207 949 1386 986 manibus
1409 961 1540 984 exem—

98 1027 207 1077 plum
251 1025 445 1063 Brandefii
486 1023 755 1061 benevolentia
796 1022 1142 1067 communicatum,
1194 1019 1301 1056 aliud
1334 1033 1354 1054 a
1385 1017 1545 1067 Collega

100 1093 427 1141 coniunctissimo,
478 1092 784 1142 KulenkampiO,
838 1090 1134 1126 commodatum.
1204 1089 1300 1124 Nam
1338 1100 1434 1136 quae
1473 1084 1545 1122 sub

100 1165 241 1202 Catulli
282 1165 423 1201 calcem
462 1160 653 1199 subiectae
686 1159 775 1197 sunt
804 1160 961 1197 Avantii
984 1157 1293 1202 emendationes,
1324 1157 1546 1192 Lucretium

99 1233 322 1284 respiciunt.
347 1234 386 1282 *)
446 1234 628 1269 Exierant
655 1230 766 1281 prelo
796 1230 887 1265 Aldi
922 1228 970 1265 ad
1009 1230 1084 1265 tria
1114 1227 1238 1264 millia
1268 1225 1547 1277 exemplarium

100 1303 213 1340 huius
240 1304 354 1349 libri,
387 1312 426 1339 ut
451 1303 578 1347 mirer,
610 1315 696 1338 eum
717 1315 794 1338 non
820 1299 1057 1349 frequentius
1089 1297 1266 1347 reperiri.

216 1372 410 1419 Catullus,
442 1372 640 1417 tibullus,
672 1372 931 1419 Propertius,
965 1368 1144 1418 impressi
1167 1380 1289 1416 opera
1308 1375 1346 1404 et
1370 1365 1550 1416 impensa

102 1442 288 1494 Philippi
306 1444 548 1491 bibliopolae
569 1443 745 1479 Giantae
773 1443 817 1478 T.
831 1440 1057 1477 Florentini
1079 1450 1185 1474 anno
1209 1436 1393 1473 MDHI.
1414 1436 1551 1472 Nonis

105 1511 276 1562 August.
300 1515 423 1550 Petro
443 1514 617 1549 Sotenno
643 1512 689 1548 V
684 1509 881 1559 exillifero
896 1507 1145 1558 selleiffi‘mo.
1181 1505 1218 1541 8.
1255 1504 1374 1541 1503.

216 1583 341 1618 Etiam
363 1581 456 1617 hacc
478 1581 643 1616 Aldinae
666 1578 842 1629 repetitio
865 1575 939 1625 est3
969 1585 1011 1613 ut
1033 1584 1089 1613 tot
1113 1576 1187 1612 alia
1209 1573 1382 1623 exempla
1403 1572 1549 1610 Aldina

105 1665 125 1687 a
155 1653 269 1687 Iunta
298 1651 459 1701 repetita
491 1648 591 1686 sunt.
679 1649 756 1685 Sed
785 1647 950 1684 Aldinae
981 1647 1129 1697 primae
1161 1641 1335 1682 successit
1364 1640 1550 1680 tredecim

103 1734 224 1757 annos
253 1720 337 1771 post
369 1721 507 1757 altera:

219 1791 412 1836 Camillis,
444 1789 634 1835 Tibullus,
658 1791 895 1839 Propertius
924 1791 969 1827 in
988 1787 1154 1825 aedibus
1179 1783 1282 1824 Aldz·
1300 1792 1337 1822 et
1359 1783 1554 1822 Andreae

92 1860 238 1914 soceri.
264 1861 450 1898 Venetiis.
482 1862 518 1898 8.
563 1862 681 1899 1515.

217 1932 344 1967 Primo
368 1932 507 1967 intuitu
534 1930 635 1968 nihil
662 1930 780 1968 lia'bct
801 1929 896 1967 haec
926 1928 1068 1972 editio,
1097 1940 1173 1976 quo
1193 1939 1214 1962 a
1234 1924 1366 1975 priore
1388 1937 1552 1974 magno—

104 2013 196 2051 pere
227 2001 430 2051 discrepet.
494 2004 590 2039 Cum
620 2011 746 2038 tamen
778 1999 991 2036 accuratius
1032 2012 1112 2034 eam
1147 2008 1432 2045 compararem,
1477 2007 1552 2045 pro

109 2083 207 2107 nova
237 2070 395 2120 prorsus
426 2070 641 2108 recensione
672 2070 888 2107 habendam
917 2066 990 2104 effe
1025 2066 1218 2114 intellexi3
1263 2065 1357 2102 adeo
1381 2072 1552 2101 correcta

107 2146 146 2176 et
166 2142 363 2177 emendata
389 2142 453 2178 illa
479 2141 551 2187 est,
584 2142 622 2177 in
653 2140 810 2177 Tibullo
841 2139 996 2188 utique,
1036 2150 1054 2172 a
1091 2136 1176 2174 viro
1206 2135 1341 2180 docto,
1374 2132 1439 2171 etfi
1469 2135 1552 2170 eius

106 2222 247 2245 nomen
278 2212 474 2259 proditum
503 2225 580 2247 non
613 2210 678 2247 est.
738 2211 927 2259 Sequntus
956 2207 1023 2244 ille
1051 2205 1204 2245 videtur
1227 2205 1406 2255 inprimis
1432 2203 1555 2239 ratio-

107 2291 195 2314 nem
221 2279 412 2325 criticam,
454 2290 534 2317 tum
562 2294 653 2317 vcro
685 2288 830 2317 veteres
860 2278 1048 2315 editiones
1077 2274 1234 2310 alterius
1265 2272 1386 2311 sectae
1414 2270 1552 2324 passim

109 2345 332 2397 inspexisse,
360 2351 512 2388 Italicos
536 2365 687 2402 quoque
707 2351 857 2388 codices
884 2356 948 2385 aut
971 2354 1148 2396 excerpta
1177 2359 1221 2381 ex
1242 2345 1289 2381 iis
1312 2352 1397 2380 ante
1419 2342 1550 2378 oculos

106 2416 293 2455 hahuisse.
353 2422 487 2457 Merito
518 2423 644 2471 itaque
668 2421 733 2456 illa
757 2421 854 2456 sacta
875 2417 928 2455 est
954 2417 1247 2468 plerarumque,
1288 2427 1382 2463 quae
1410 2410 1550 2460 sequu-

108 2495 166 2524 tae
198 2486 306 2535 sunt,
347 2491 559 2528 editionum
589 2493 675 2529 sons
705 2498 740 2527 et
768 2489 929 2535 fundus,
974 2487 1153 2538 inprimis
1182 2493 1308 2523 autem
1338 2481 1551 2519 Muretinae

114 2568 128 2594 1
138 2558 230 2595 558.
265 2573 377 2608 quain
408 2561 507 2598 vide.

1406 2609 1546 2648 Catal-

152 2690 193 2732 ἦ)
218 2690 270 2725 At
295 2701 420 2727 extant
446 2695 525 2727 illae
547 2706 630 2728 eum
658 2694 733 2728 aliis
758 2696 795 2728 in
865 2694 963 2727 1500.
985 2690 1047 2724 ubi
1065 2696 1188 2724 contra
1208 2686 1353 2721 omiffae
1370 2686 1448 2721 sunt
1468 2675 1570 2719 istae·

108 2745 273 2791 Priapeia
314 2758 347 2784 et
381 2752 484 2784 &tutti
516 2751 632 2785 :Silvas
670 2754 706 2782 iu
739 2750 792 2784 ed.
860 2753 898 2782 in
923 2749 1130 2790 ,Lm-retinui
1155 2746 1313 2787 scriptae.
