1752 2974
199 129 281 176 123

419 128 583 171 ALBII
639 124 883 168 TIBVLLI
932 123 1045 166 LIB.
1077 123 1112 167 Ι.
1172 125 1344 168 ELEG.
1373 127 1425 169 X.

270 252 319 300 Is
339 257 496 315 gerat,
535 255 587 293 et
608 244 728 293 miti
751 241 815 290 sit
843 244 1032 308 procul
1055 260 1082 290 a
1106 246 1324 292 Venere.

195 339 263 388 At
284 338 455 394 nobis,
498 337 600 382 Pax
626 333 776 389 alma,
815 331 958 389 veni,
993 329 1292 396 spicamque
1311 340 1516 396 teneto;

270 424 500 475 Perfluat
528 430 579 469 et
601 419 776 486 pomis
804 417 1059 468 candidus
1078 429 1195 467 ante
1214 417 1373 473 sinus.

192 593 269 641 rat)
297 593 338 629 h.
368 588 482 625 miles
508 589 564 624 fit.
625 585 741 622 Sudes
766 582 887 632 potest

191 663 315 701 genus
359 646 429 682 teli
471 644 653 680 militaris
699 640 884 691 intelligi,

192 707 277 747 vel,
310 703 415 753 quod
435 701 610 750 praestat,
642 697 782 741 vallus,
815 699 886 748 qui

194 778 213 798 a
235 761 362 797 milite
384 759 624 808 portabatur.

250 819 315 859 67.
344 817 424 852 Pax
445 816 558 855 alma,
589 814 696 853 veni,
721 809 884 861 spicam·

191 890 260 925 que
272 874 413 916 teneto)
433 873 483 907 Et
504 873 557 906 ita
570 871 611 906 in
633 870 763 905 numis
780 870 885 917 saepe

188 935 267 967 Pax
309 942 397 965 cum
445 927 640 963 aristarum
690 925 884 967 fasciculo,

189 989 305 1024 etiam
339 985 460 1020 aristis
496 998 537 1019 ac
568 983 697 1032 pomis
731 981 882 1030 gremio

190 1043 338 1082 onusto,
369 1041 614 1090 conspicitur.
647 1053 685 1074 v.
710 1037 888 1074 Broukh.

190 1101 237 1135 cf.
275 1099 453 1134 Statium.
519 1097 600 1131 Pax
631 1092 732 1130 alma
759 1094 838 1129 sive
866 1107 886 1128 a

189 1157 293 1192 bona
325 1154 457 1202 copia,
499 1165 613 1199 quam
646 1151 777 1189 affert,
808 1149 885 1184 five

189 1210 416 1259 simpliciter
455 1207 694 1246 venerabilis,
725 1205 880 1254 sancta,

188 1279 234 1303 ut
253 1265 476 1312 almafides,
503 1263 621 1299 Venus
644 1274 713 1298 etc.
747 1260 823 1310 (cf.
847 1272 884 1297 et

188 1325 318 1370 Heyn.
340 1322 385 1356 ad
399 1322 509 1368 Virg.
532 1321 625 1355 Aen.
642 1321 670 1358 Ι,
690 1318 883 1362 506.VV.)

189 1379 368 1414 candidus
400 1375 581 1424 —sinus
616 1376 656 1410 h.
700 1374 884 1409 candidae

188 1436 316 1470 vestis.
375 1433 468 1469 Tale
498 1432 650 1480 [ignum
672 1429 789 1464 Genii
813 1440 883 1465 vo-

951 579 1091 625 lantis,
1149 584 1300 621 fortaffe
1349 584 1643 629 Abundantiae,

952 640 1079 675 finum
1111 639 1319 677 collectum
1347 651 1432 675 ante
1464 641 1644 690 feferen-

952 695 1025 736 tis,
1054 697 1187 732 videas
1206 697 1249 732 in
1271 696 1435 744 Onyche
1454 695 1644 733 nobiliffi-

950 765 1017 787 mo
1043 753 1336 795 Brunsvicenfi,
1384 766 1462 802 quo
1494 753 1645 790 Cereris

951 808 1096 843 sacrum
1119 808 1338 844 exhibetur.
1395 809 1552 858 Elegiae
1582 823 1645 844 au.-

952 871 1031 899 tem
1050 865 1124 900 fini
1143 864 1279 900 similis
1296 866 1346 901 est
1365 865 1490 901 exitus
1511 864 1645 913 idyllii

953 918 1181 956 Theocritei
1200 919 1286 960 VII.
1318 922 1390 957 ubi
1421 930 1536 969 poe'ta
1563 935 1643 956 me-

951 987 1080 1012 morat
1112 977 1252 1012 vinum
1285 975 1328 1014 in
1357 979 1459 1013 sacro
1493 978 1643 1014 Cerei-is

914 1033 926 1043 “
955 1032 1129 1068 haustum
1154 1036 1396 1080 generosius:
1431 1026 1474 1074 ἇς
1494 1032 1553 1069 ἐπὶ
1575 1046 1645 1068 σω-

951 1089 1001 1136 ρῷ
1020 1083 1144 1130 Αὖθις
1156 1088 1225 1137 ἐγὼ
1242 1091 1396 1138 πάξαιμι
1406 1091 1501 1138 μέγα
1517 1089 1643 1125 πτύον·

948 1144 972 1179 οἱ
997 1145 1036 1181 δὲ
1052 1146 1220 1192 γελάξαι,
1269 1148 1475 1195 Δράγματα
1494 1148 1555 1183 καὶ
1570 1145 1644 1192 μοί-

950 1215 1063 1243 κωνας
1117 1201 1156 1237 ἐν
1207 1200 1458 1255 οἰμφοτέρῃσινΙ
1506 1204 1644 1248 ἔχοισα.

951 1259 1046 1299 Dea,
1077 1259 1229 1306 inquit,
1259 1262 1430 1309 prppitia
1457 1262 1513 1302 sit,
1544 1273 1642 1308 quae

952 1325 1115 1362 utraque
1143 1328 1261 1350 manu
1281 1316 1502 1367 manipulos
1523 1328 1559 1353 et
1578 1328 1643 1365 pa-

951 1381 1092 1418 pavera
1114 1379 1228 1407 tenet.

1456 2718 1631 2768 ALBII
