1752 2974
479 139 610 180 LIB.
641 139 675 179 Ι.
737 138 872 178 ELE
888 137 939 177 G.
969 136 1065 177 III.

1440 136 1465 181 <5¹

1470 135 1495 180 21

53 258 259 308 Audeat
284 258 457 306 invito
485 272 554 303 ne
595 254 715 317 quis
745 252 1011 302 discedere
1042 254 1252 311 Amore,

133 349 240 395 Aut
281 341 688 409 sciat'egreffum
721 338 771 387 se
805 341 1120 404 prohibente
1153 340 1268 389 deo·

55 433 201 502 Quid
222 444 311 480 tua
330 449 474 480 nunc
495 430 582 478 Ifis
605 429 756 485 mihi,
777 430 946 486 Delia,
966 427 1097 492 quid
1116 427 1251 477 mihi
1271 423 1495 492 prosunt

127 521 220 569 Illa
244 530 332 568 tua
354 519 509 568 ¹toties
535 534 650 567 aera
672 515 876 582 repulsa
901 516 1098 564 manu?

51 761 150 801 Etsi,
180 761 342 810 Iosepho
364 762 405 796 in
429 761 571 809 Apion.
594 762 650 799 H,
675 769 741 809 59.

53 828 258 856 monente,
308 817 373 852 illa
415 818 558 865 religio
595 817 741 852 hebdo-

50 874 173 909 madis
219 873 400 909 omnibus
448 876 527 909 fere
569 874 739 921 antiquis

51 930 233 977 gentibus
253 930 471 965 communis
483 930 591 965 fuiffe
603 930 737 965 fertur.

107 1017 171 1043 22.
213 1008 290 1042 Aut
321 1007 419 1055 sciat
457 1006 631 1055 egreſjbm
666 1006 737 1054 se)

49 1061 89 1098 h.
123 1065 229 1103 sciat,
268 1076 354 1097 meo
396 1064 572 1110 exemplo
610 1063 737 1102 discat,

48 1119 84 1153 fe
114 1120 185 1154 iter
201 1120 395 1154 instituere
416 1117 514 1152 male
534 1118 737 1165 auspicato,

48 1177 193 1210 Amore
222 1189 300 1210 non
331 1173 528 1222 propitio,
572 1185 608 1209 et
638 1174 737 1208 irato

49 1243 210 1279 propter
241 1230 461 1270 discessum,
504 1243 582 1277 quo
618 1229 738 1264 amica

50 1287 227 1323 tristatur.
285 1286 502 1334 prohibente
559 1287 627 1321 deo
693 1285 741 1319 est

51 1343 168 1384 adeo,
221 1342 376 1378 adverso
430 1354 466 1377 et
504 1342 740 1391 profectioni

49 1399 194 1434 malum
231 1409 410 1435 eventum
446 1399 628 1433 minante.
699 1399 740 1433 Si

49 1456 101 1491 ita
135 1455 315 1503 explices,
345 1468 423 1490 non
446 1455 558 1503 plane
582 1454 739 1502 langue·

50 1512 109 1548 bit
168 1511 360 1546 sententia.
410 1513 458 1546 H.
526 1510 624 1559 sciat
673 1512 739 1545 I'uo

51 1569 191 1603 damno
236 1567 372 1608 discet,
413 1568 446 1601 se
478 1567 571 1607 iter,
611 1567 739 1601 invito

47 1625 206 1663 Amore,
240 1623 307 1656 effe
333 1622 553 1670 ingreffum.
588 1625 631 1657 In
653 1635 738 1658 ver-

50 1681 110 1717 bis
133 1679 280 1714 Audeat
318 1681 432 1714 invito
462 1679 737 1716 animadvertis

50 1732 297 1787 praeceptum
331 1734 514 1776 Veneris,
546 1735 672 1783 qualia
704 1737 738 1772 se

50 1788 150 1828 ferre
179 1790 385 1839 profitetur
416 1795 453 1831 1,
489 1802 524 1836 (4,
558 1802 621 1841 79.
667 1792 738 1828 ubi

49 1861 89 1885 v.
110 1849 204 1884 Not.
235 1848 301 1884 W.

109 1948 173 1981 25.
203 1938 370 1987 Scaliger
392 1937 547 1975 Deliam
579 1952 652 1988 pro
673 1940 740 1974 Ti-

51 1994 154 2032 bulli
182 1995 344 2036 morbo,
376 1995 641 2031 Broukhufius
667 2008 738 2043 pro

53 2052 133 2087 eius
161 2051 407 2098 navigatione
434 2053 476 2087 in
507 2051 599 2087 casto
631 2051 740 2086 fuisse

53 2107 263 2142 contendit.
295 2109 489 2143 Neutrum
509 2121 659 2143 verum.
691 2108 738 2143 cf.

56 2161 159 2199 Obff.
210 2162 282 2196 Sed
317 2165 478 2199 omnino
514 2165 559 2198 de
587 2163 739 2211 puellae

52 2231 163 2255 more
203 2230 243 2251 ac
279 2220 361 2254 ritu
397 2220 576 2267 loquitur
615 2228 740 2267 poeta.

52 2275 274 2311 Admodum
311 2276 598 2323 superstitiosam
633 2274 740 2323 puel-

54 2329 131 2366 lam
168 2329 277 2365 fuiffe
309 2331 463 2366 Deliam
495 2332 637 2367 neceffe
670 2331 739 2372 efi;

54 2399 125 2422 nec
163 2386 206 2421 id
235 2398 355 2433 genus
391 2389 611 2422 animorum
644 2387 738 2423 adeo

56 2442 225 2477 alienum
269 2442 313 2477 ab
345 2456 473 2478 amore
508 2444 577 2478 effe
607 2444 738 2484 aiunt;

55 2498 197 2546 quippe
241 2512 337 2546 quae
386 2500 500 2534 etiam
539 2499 741 2547 peregrina

55 2555 152 2589 sacra
184 2554 328 2594 coluit,
369 2557 496 2596 Iliaca,
543 2569 638 2602 quae
667 2554 739 2590 illo

56 2620 227 2657 tempore
250 2613 393 2646 Romae
412 2610 666 2650 invaluerant,
698 2621 742 2645 ut

55 2666 172 2703 etiam
191 2666 296 2702 Ifidis
322 2668 464 2716 templa
483 2668 584 2703 intra
603 2667 743 2703 urbem

1263 602 1491 671 Quidve,

810 759 925 795 effent
952 755 1086 805 plura:
1135 757 1198 791 etfi
1228 756 1306 790 iam
1338 766 1421 792 tum
1452 770 1493 792 ea

809 819 967 851 Senatus
999 812 1207 860 aliquoties
1241 812 1364 847 everti
1385 812 1497 848 iuffe-

806 882 875 907 rat.
902 883 940 905 v.
961 869 1042 903 Dio
1065 869 1157 907 XL,
1181 874 1246 914 47.
1282 879 1318 903 et
1337 868 1397 903 ibi
1416 879 1498 905 not.

807 931 915 963 Sacra
949 925 1041 959 haec
1070 923 1264 972 Aegyptio
1294 924 1374 958 ritu
1402 923 1500 959 cele·

806 984 1036 1019 brabantum
1060 993 1107 1014 ex
1127 992 1172 1014 eo
1194 980 1390 1027 sequentes
1412 993 1499 1015 ver-

808 1040 865 1072 sus
890 1044 1044 1082 24-52.
1067 1034 1283 1069 illustrandi
1302 1035 1397 1074 sunt,
1429 1037 1499 1084 qui

808 1094 854 1127 cle
879 1091 1125 1127 caerimoniis
1153 1091 1275 1125 Iliacis
1296 1091 1382 1125 sunt
1398 1092 1500 1127 inter

805 1145 1138 1183 luculentiffimos.
1187 1146 1238 1179 H.
1314 1146 1501 1191 Queritur

807 1202 990 1239 Tibullus
1028 1213 1249 1247 aegrotans,
1299 1201 1406 1248 quod
1435 1204 1498 1238 ms

805 1258 978 1295 >salutaris
1010 1258 1080 1293 sibi
1100 1270 1172 1305 pro
1194 1257 1336 1305 pietate
1358 1256 1498 1293 Deliae

808 1317 970 1365 gratiam
1010 1326 1090 1348 non
1130 1312 1337 1353 retulerit,
1390 1327 1497 1349 mor-

807 1373 979 1419 bumque
999 1370 1223 1405 defenderit.
1283 1371 1339 1404 Ita
1361 1370 1498 1406 Cicero

810 1428 900 1463 deos
932 1427 1078 1461 incusat
1107 1427 1181 1474 Ep.
1208 1424 1256 1459 ad
1289 1425 1369 1462 div.
1388 1427 1496 1467 XIV,

808 1490 845 1527 4.
875 1484 940 1520 vv.

866 1601 930 1642 24.
972 1595 1090 1642 aera)
1146 1595 1253 1632 sistra·
1323 1595 1408 1631 Nee
1457 1608 1499 1630 ea.

805 1654 925 1690 modo
938 1678 948 1692 ,
979 1663 1021 1687 ut
1041 1653 1082 1686 in
1101 1653 1337 1687 Graecorum
1357 1653 1499 1686 Roma-

806 1722 1027 1757 norumque
1065 1709 1175 1744 saeris
1208 1707 1344 1747 tibiae,
1399 1708 1496 1742 acci-

806 1767 948 1802 nebant
967 1765 1234 1803 caerimoniis,
1262 1777 1423 1805 verum,
1452 1774 1498 1799 ut

809 1837 856 1858 ex
885 1822 924 1857 11.
956 1821 982 1856 1.
1021 1820 1279 1869 intelligitur,
1325 1819 1376 1859 ii,
1426 1819 1498 1867 qui

807 1879 918 1914 sacris
969 1879 1092 1912 Ifiacis
1145 1878 1375 1915 intererant,
1425 1875 1497 1923 ipsi

806 1935 899 1970 fistra
931 1934 1110 1969 manibus
1141 1933 1363 1980 quatiebant
1393 1932 1496 1966 inter

806 2004 938 2040 preces
998 2001 1034 2026 et
1083 1989 1251 2036 hymnos
1300 1988 1496 2022 faciendos

808 2058 892 2082 ante
941 2060 1044 2081 aram
1092 2046 1292 2080 accensam.
1361 2044 1497 2078 Ritum

806 2103 912 2138 hunc
945 2104 1103 2137 Iliacum
1134 2101 1285 2149 egregie
1307 2099 1500 2134 declarant

807 2160 909 2196 tabb.
949 2160 1054 2194 LIX.
1095 2169 1132 2194 et
1178 2157 1262 2191 LX.
1311 2155 1496 2191 Picturar.

808 2214 1078 2251 Herculaneus.
1116 2215 1212 2249 item
1245 2212 1393 2249 Admir.
1424 2213 1496 2246 Ro.

807 2287 844 2308 11.
865 2271 926 2306 16.
945 2273 992 2306 H.
1026 2271 1132 2306 Isidis
1146 2267 1497 2305 cultoresi'oant—

809 2330 922 2364 aereis
953 2336 990 2361 et
1017 2327 1222 2374 argenteis,
1272 2326 1380 2358 immo
1410 2336 1494 2358 vero

809 2386 929 2421 aureis
959 2385 1068 2418 etiam
1090 2379 1209 2432 sistris
1231 2389 1403 2427 argutum
1427 2381 1495 2413 tin-

807 2445 922 2476 nitum
953 2436 1237 2487 constrepentes,
1275 2447 1318 2470 ut
1351 2433 1495 2482 Appul-

809 2500 964 2532 Metam.
1005 2509 1043 2542 p.
1082 2503 1172 2537 7'73.
1215 2492 1273 2527 ed.
1317 2489 1497 2525 Oudend.

807 2554 919 2588 dixit.
953 2551 1061 2587 Sistri
1079 2548 1373 2596 descriptionem
1394 2546 1499 2580 idem

808 2609 914 2645 dedit
941 2622 979 2656 p.
1014 2613 1105 2653 759.
1160 2606 1222 2639 De
1252 2599 1396 2650 repulsa
1412 2600 1494 2639 vid.

806 2666 901 2702 Not.
925 2663 972 2699 ad
1000 2664 1041 2703 Ι,
1064 2668 1113 2706 8.
1139 2669 1205 2695 22.
1241 2660 1308 2695 W.
