1752 2974
199 97 277 127 ‘tr-2

198 114 243 142 *s
687 89 857 125 ALBn
897 88 1155 127 'mmmm

196 203 362 252 Nunc
399 202 520 250 licet
550 218 580 250 e
607 203 748 251 caelo
777 205 1016 252 mittatur
1049 205 1212 251 amica
1250 203 1486 263 Tibullo,

273 291 520 339 Mittetur
549 288 767 345 frustra,
807 288 1139 356 ,deficietque
1172 293 1364 340 Venus.

195 379 294 425 Per
324 377 421 426 tibi
456 376 623 423 sancta
654 386 777 424 tuae
812 378 1032 425 lunonis
1061 380 1282 427 numina
1314 379 1454 435 iuro,
1576 390 1637 434 15

273 469 419 532 Quae
446 462 553 510 fola
576 472 695 510 ante
721 463 850 511 alios
873 462 945 510 est
967 464 1103 512 mihi
1130 483 1315 530 magna
1349 465 1492 514 deos.

198 551 343 621 Quid
367 550 502 598 facio
525 549 776 598 demens?
818 550 941 607 heu,
971 550 1101 599 heu!
1126 569 1238 599 mea
1255 555 1475 618 pignora
1499 551 1642 601 cedo.

274 638 453 686 Iuravi
483 636 664 695 stulte;
717 637 964 702 proderat
994 636 1088 685 iste
1118 640 1292 688 timor.

198 727 362 776 Nunc
386 735 446 773 tu
471 723 628 775 fortis
652 725 778 782 eris,
820 742 966 774 nunc
986 736 1046 775 tu
1067 742 1152 773 me
1176 725 1424 774 audacius
1447 741 1585 774 ures.

275 817 390 863 Hoc
422 814 629 878 peperit
658 811 849 862 misero
881 814 1088 879 garrula
1114 814 1293 878 lingua
1317 813 1529 862 malum.
1577 828 1646 860 ρο

266 1063 327 1105 ¹4·
358 1057 578 1108 deficietque
612 1058 760 1102 Venus)
814 1060 889 1107 ipsa

198 1117 331 1154 Venus
375 1125 470 1149 artes
501 1114 579 1150 suas
613 1125 650 1149 et
688 1114 889 1150 illecebras

198 1171 334 1208 frustra
353 1171 393 1205 in
413 1183 472 1204 me
492 1170 734 1218 experietur;
760 1172 890 1206 onmia

198 1227 293 1263 licet
320 1226 457 1261 molita
476 1227 518 1260 in
538 1239 598 1261 me
629 1225 769 1267 fuerit,
811 1237 889 1261 tan·

198 1283 284 1318 dem
316 1281 586 1317 abstinendum
610 1281 646 1317 ei
667 1282 741 1317 erit
758 1295 777 1316 a
798 1293 889 1317 con·

196 1338 306 1379 silio,
348 1350 478 1372 meum
508 1337 682 1372 animum
705 1351 722 1371 a
746 1348 781 1372 te
805 1337 889 1372 aba·

197 1393 383 1430 lienandi.
433 1392 552 1441 Vulp.
576 1405 664 1427 cum
688 1393 810 1427 Statio
834 1404 892 1426 ac·

197 1449 371 1498 cipiunt,
414 1459 457 1484 ut
487 1449 568 1497 sup.
588 1449 618 1489 I,
642 1455 679 1491 5,
698 1455 762 1494 40.

255 1512 437 1552 Admovit
494 1516 668 1551 dominae
719 1514 891 1565 deseruit·

478 1586 547 1622 que
578 1569 712 1608 Venu's.

193 1651 293 1691 perp
299 1654 400 1677 eram
413 1664 424 1679 2
446 1650 557 1688 PUtO.

259 1747 323 1785 15.
354 1750 440 1776 tuae
465 1740 647 1788 Iunonis)
675 1740 737 1777 tui
759 1741 890 1777 Genii.

196 1812 236 1835 v.
269 1799 336 1838 ΙΙΙ,
368 1798 404 1836 6.
431 1803 494 1842 48.
527 1798 577 1833 Η.
636 1797 816 1833 Amantes
847 1808 892 1833 ut

194 1853 340 1904 puellis
359 1854 647 1902 persuaderent,
683 1866 753 1902 per
771 1855 890 1889 Iuno·

196 1923 284 1947 nem
318 1910 368 1944 iis
414 1909 581 1957 aliasque
610 1909 698 1945 deas
729 1909 888 1945 femina-

194 1979 285 2002 rum
309 1965 436 2001 iurare
455 1965 634 2003 solebant.
666 1966 732 2003 W.

254 2067 340 2102 eod.
375 2067 475 2101 Haec
503 2084 558 2095 —
590 2069 738 2103 numina
778 2068 889 2111 iuro)

195 2122 292 2159 haec
316 2123 390 2159 tibi
411 2123 499 2157 iuro
518 2137 586 2172 per
616 2137 783 2163 numen,
810 2124 888 2159 sine

195 2179 500 2228 praepofitione,
554 2190 597 2215 ut
626 2179 769 2229 Virgil.
799 2181 885 2216 XII.

196 2237 291 2272 Aen.
323 2245 413 2284 197.

284 2303 381 2338 Haec
406 2302 547 2344 eadem,
576 2305 712 2343 Aenea,
743 2313 886 2344 terram,

474 2373 583 2400 mare,
607 2358 745 2408 sidera,
777 2363 867 2396 iuro.

194 2426 268 2463 nbi
287 2438 325 2463 V.
344 2427 450 2462 Serv.
471 2426 517 2462 cf.
538 2425 576 2461 h.
593 2426 619 2462 l.
638 2426 812 2463 Broukh.
837 2430 886 2464 H.

195 2482 361 2532 Recepi:
394 2484 463 2518 Per
482 2482 563 2519 cibi.
592 2485 658 2520 W.

255 2582 316 2617 17.
349 2574 416 2609 heu
438 2573 506 2610 beu
531 2587 611 2610 mea
646 2576 809 2624 pignora
832 2590 884 2612 ae·

1538 901 1646 947 Iam

959 1060 1036 1103 alo)
1075 1058 1113 1094 h.
1155 1058 1278 1097 iliud.
1331 1072 1410 1106 quo
1450 1072 1531 1093 eam
1569 1056 1647 1092 illi-

958 1127 1083 1163 gatam
1118 1126 1153 1150 et
1193 1116 1410 1149 devinctam
1451 1114 1554 1148 mihi
1583 1113 1649 1148 ha-

958 1171 1093 1205 bebam
1110 1197 1119 1210 ‚
1178 1170 1321 1204 scilicet
1359 1170 1429 1206 illo
1468 1181 1574 1204 metu
1613 1181 1651 1206 et

957 1225 1217 1262 [officitudine
1241 1226 1286 1260 de
1310 1226 1388 1261 fide
1416 1238 1453 1262 et
1481 1225 1650 1261 constan-

957 1283 1009 1317 tia
1047 1296 1153 1323 mea,
1212 1296 1259 1317 ne
1311 1282 1542 1318 desereretur
1581 1281 1649 1317 ali.-

937 1361 940 1365 -
959 1338 1112 1385 quando
1140 1351 1158 1371 a
1179 1352 1253 1372 me.

1023 1442 1084 1481 18.
1115 1438 1291 1484 proderat
1314 1431 1378 1483 iste
1397 1435 1525 1478 tirnor)
1566 1437 1650 1471 Me-

961 1506 1022 1531 tus
1056 1494 1102 1528 de
1132 1493 1211 1528 fide
1250 1506 1335 1527 mea
1368 1504 1404 1528 et
1443 1491 1650 1527 constantia

958 1551 1140 1599 proderat
1168 1549 1214 1584 ad
1243 1559 1279 1584 te
1308 1549 1348 1583 in
1377 1548 1456 1583 fide
1483 1548 1651 1582 retinen-

960 1608 1068 1646 darm
1099 1617 1224 1644 nune,
1258 1604 1405 1640 sublato
1429 1603 1501 1639 illo
1527 1614 1649 1644 metu.

959 1662 1150 1699 sublatum
1180 1661 1228 1697 est
1253 1661 1396 1696 amoris
1419 1660 1479 1696 tui
1505 1660 1650 1708 pignus

960 1730 997 1755 et
1014 1719 1127 1755 fides.

1019 1832 1082 1869 ¹9·
1114 1821 1222 1856 Nunc
1242 1827 1279 1852 tu
1290 1816 1408 1864 fortis
1427 1818 1510 1860 oris)
1523 1816 1646 1853 ferox.

958 1889 1002 1915 ut
1023 1879 1103 1927 [up.
1125 1878 1156 1918 1,
1180 1883 1214 1920 5.
1243 1875 1364 1923 gloria
1376 1873 1505 1922 fortis.

1015 1977 1100 2015 eod.
1146 1989 1239 2013 nunc
1288 1981 1327 2010 tu
1374 1988 1430 2009 me
1478 1974 1651 2009 audacius

957 2034 1072 2082 ures)
1102 2047 1181 2069 non
1211 2041 1312 2072 tam,
1354 2036 1483 2066 amore
1516 2031 1648 2066 incen-

958 2092 1045 2132 des,
1082 2103 1219 2139 quam,
1257 2085 1470 2128 cruciabis,
1512 2085 1646 2121 dolere

956 2160 1094 2196 coges.
1132 2158 1262 2181 curam
1285 2148 1321 2179 e't
1344 2142 1647 2178 sollicitudinem

955 2204 1086 2239 animo
1120 2200 1300 2241 iniicies;
1340 2209 1384 2234 ut
1405 2212 1461 2248 ap.
1488 2199 1642 2234 Terent.

954 2261 1053 2296 Eun.
1075 2260 1145 2299 111,
1174 2270 1206 2298 1,
1229 2263 1293 2304 47.

1040 2327 1083 2362 Si
1120 2319 1270 2376 quando
1311 2323 1377 2358 illa
1424 2323 1646 2357 mentionem

1232 2380 1438 2416 Phaedriae
1463 2378 1573 2426 facit,

1037 2451 1112 2487 Aue
1143 2448 1181 2499 si
1219 2448 1372 2492 laudae,
1419 2456 1454 2484 te
1483 2455 1525 2483 ut
1549 2444 1647 2482 male

1230 2513 1322 2541 urat.

954 2572 1001 2613 cf.
1025 2574 1084 2611 ibi
1104 2587 1142 2612 v.
1166 2579 1233 2620 43.
