1752 2974
490 88 493 90 ·
533 74 643 110 LIB.
685 72 772 107 III.

840 69 1017 105 ELEG.
1059 70 1090 104 Ι.
1461 81 1539 122 191

96 186 295 244 Dicite,
336 186 592 244 Pierides,
636 198 866 249 quonam
895 181 1125 229 donetur
1145 181 1350 229 honore
1505 195 1534 240 5

171 273 274 322 Seu
304 291 443 332 mea,
481 273 571 322 seu
597 271 779 327 fallor,
818 286 930 317 cara
955 270 1159 317 Neaera
1192 277 1382 315 tamen.

95 361 342 410 Carmine
373 340 653 416 formesae⁹
709 358 879 423 pretio
912 357 1195 422 capiuntur
1226 370 1422 404 avarae.

173 447 428 503 Gaudeat,
467 457 527 495 ut
551 446 707 511 digna
735 443 822 501 est,
858 442 1094 494 versibus
1122 444 1213 491 illa
1238 443 1384 491 meis.

92 537 256 584 Lutea
280 532 368 580 sed.
388 534 612 582 niveum
640 533 881 582 involvat
908 531 1210 580 membrana
1239 530 1500 587 libellum,

167 624 366 669 Pumex
385 631 437 668 et
458 638 605 669 canas
641 619 855 670 tondeat
883 628 1000 667 ante
1034 635 1232 677 comas3

1471 633 1537 665 1.()

94 711 413 772 Summaque
459 718 718 773 praetexat
756 707 932 754 tenuis
971 703 1168 770 fastigia
1208 705 1429 764 chartae,

167 795 370 844 Indicet
404 807 463 845 ut
494 813 691 845 nomen
729 796 898 843 littera
929 792 1060 845 facta
1103 809 1314 841 meum:

151 991 188 1030 8.
218 993 259 1019 ut
277 985 392 1033 digna
414 982 482 1032 eft)
513 985 656 1033 quippe
688 998 783 1033 quae

93 1041 258 1077 formosa
289 1042 344 1077 fit.
388 1042 435 1076 H.
518 1042 565 1075 Ut
590 1043 704 1087 digna
734 1038 784 1087 est

92 1097 170 1134 scil.
203 1097 392 1145 gaudere3
441 1097 521 1133 vid.
550 1098 614 1137 IV,
649 1097 685 1136 6,
724 1109 783 1131 10.

151 1222 186 1258 9.
217 1210 340 1247 Lutea
354 1208 423 1257 sed
445 1210 588 1244 nz'veum
615 1209 782 1244 involvat

92 1265 302 1300 membrana
322 1265 502 1309 libellum)
535 1268 604 1301 int.
637 1266 682 1300 de
710 1278 781 1300 vo-

91 1321 238 1357 lumine
259 1321 486 1357 convoluto.
542 1321 780 1361 Voluminis,

93 1379 198 1426 quod
225 1387 371 1412 tantum
394 1378 435 1412 in
467 1379 653 1414 inteiiore
676 1388 781 1425 parte

91 1433 343 1481 perscriptum
365 1445 462 1475 erat,
496 1436 660 1469 summae
681 1446 781 1472 orae,

93 1489 133 1523 in
175 1482 298 1524 aver-sa
340 1489 486 1530 charta,
538 1489 783 1526 membranae

91 1545 250 1580 frustum
319 1545 555 1592 adglutinari
628 1544 781 1584 solebat,

92 1601 198 1649 quod
221 1601 434 1636 convoluto
460 1602 562 1638 libro
584 1613 782 1649 tegumen-

93 1657 124 1692 ti
145 1655 234 1692 loco
258 1656 363 1697 effet,
396 1668 432 1692 et
464 1659 542 1693 fere
573 1669 711 1697 croco,
739 1666 783 1692 ut

91 1713 131 1748 h.
157 1711 196 1753 L,
218 1711 282 1748 vel
294 1713 418 1747 minio
433 1714 495 1749 vel
517 1726 689 1763 purpura
712 1714 782 1747 tin-

89 1767 256 1817 gebatur.
327 1770 507 1805 Heinsius
546 1770 704 1819 quidem
735 1768 782 1803 ad

92 1823 211 1860 Ovid.
244 1827 270 1861 I.
301 1825 409 1859 '1¹11st
446 1840 479 1872 1,
511 1836 546 1869 5.
579 1839 658 1860 non
688 1824 782 1860 haec

91 1880 139 1915 ad
174 1880 432 1915 velamentum
475 1882 593 1922 libri,
644 1881 700 1916 sed
737 1880 781 1915 ad

90 1935 214 1984 ipsum
239 1938 426 1973 volumen
450 1939 584 1974 referri
611 1937 781 1974 volebat.

88 1993 235 2029 Verum
268 1995 489 2029 membrana
519 1996 633 2042 ipsam
665 2006 784 2028 mem-

88 2048 246 2084 branam
268 2050 468 2085 involveze
488 2051 691 2086 commode
706 2049 785 2083 dici

92 2104 242 2151 nequit.
275 2107 319 2139 Iu
340 2105 546 2142 involucro
567 2106 651 2148 isso,
677 2106 783 2153 quod

91 2169 218 2194 tannen
238 2173 318 2195 non
337 2162 481 2210 semper
500 2161 782 2211 adglutinatum

92 2215 200 2250 fuiss'e
235 2227 353 2264 puto,
388 2219 414 2253 si
446 2231 571 2254 tannen
603 2229 699 2257 erat,
739 2218 782 2252 in

93 2283 138 2305 eo
180 2272 411 2309 scribebatur
441 2276 576 2311 titulus
609 2273 781 2310 volumi-

238 2327 355 2364 Ovid.
380 2332 444 2366 IV.
468 2346 514 2367 ex
538 2335 576 2366 P.
603 2340 663 2373 15,
688 2340 723 2374 7.

175 2382 258 2432 Ipse
278 2397 431 2434 quoque,
462 2399 502 2423 ut
525 2389 669 2423 chartae
695 2388 781 2421 titu-

323 2442 396 2476 lum
414 2444 594 2491 clesronte
614 2443 777 2482 revellas,

241 2497 349 2548 {Inoni
361 2498 414 2545 sit
441 2514 552 2546 opus,
583 2500 711 2535 videor
729 2499 783 2533 di-

323 2569 397 2588 cere
418 2556 533 2604 ροβε,
567 2565 678 2591 tuum.

91 2608 151 2644 uti
199 2609 304 2647 intus
351 2611 394 2645 in
427 2612 670 2658 πρωτοκόλλῳ,
702 2610 779 2647 five

92 2330 165 2362 llis.

1367 872 1539 935 Atque

849 984 975 1033 prima
997 983 1136 1032 pagina
1158 983 1196 1020 h.
1220 983 1346 1020 fronte
1377 987 1431 1029 (V.
1456 986 1541 1020 Sca-

850 1040 918 1087 lig.
950 1041 995 1075 ad
1015 1040 1053 1076 h.
1076 1039 1122 1084 l.)
1152 1040 1271 1075 index
1295 1041 1372 1077 [ive
1394 1041 1542 1076 summa

851 1095 955 1131 libri.
1014 1098 1076 1132 De
1108 1095 1292 1131 alterutro
1325 1096 1542 1146 accipiendi

851 1165 886 1187 v.
918 1166 979 1186 ιι.
1010 1162 1046 1186 et
1075 1163 1134 1187 ια.
1191 1153 1382 1199 Equidem
1407 1153 1544 1189 malim

849 1209 895 1242 de
938 1206 1053 1243 titulo
1091 1207 1135 1242 in
1173 1207 1441 1243 membranula
1479 1209 1544 1244 ista

847 1264 962 1313 picta.
1021 1265 1073 1298 At
1093 1264 1352 1304 Schwarzius,
1385 1265 1455 1312 qui
1476 1265 1546 1300 tri·

850 1322 920 1357 bus
965 1320 1296 1356 dissertuionibus
1342 1320 1389 1355 de
1432 1334 1544 1356 orna·

850 1376 991 1411 mentis
1023 1376 1241 1417 librorum,
1272 1376 1355 1425 post
1383 1377 1426 1411 Is.
1448 1378 1544 1414 Vos-

850 1432 949 1466 [ium
982 1431 1027 1465 ad
1059 1431 1201 1468 catull.
1230 1446 1268 1480 p.
1295 1441 1359 1474 52.
1389 1446 1472 1467 rem
1493 1433 1543 1468 li·

850 1488 1017 1524 brariam
1039 1487 1231 1535 praeclare
1248 1487 1467 1530 illustravit,
1496 1490 1545 1524 de

851 1544 978 1579 indice
1017 1544 1193 1592 praefixo
1234 1545 1402 1580 summae
1441 1546 1545 1593 patri

850 1599 1066 1636 voluminis
1112 1600 1450 1649 interpretabatur.
1490 1603 1543 1638 H.

850 1654 1082 1691 particulam
1143 1655 1213 1704 sed
1275 1657 1547 1694 conditionem

850 1712 1039 1760 quandam
1065 1722 1102 1747 et
1122 1712 1414 1748 adiunctionem
1425 1713 1543 1762 [igni-

848 1768 986 1808 ficare,
1031 1766 1250 1804 observavit
1288 1768 1449 1809 Ruhnk.
1495 1769 1545 1805 ad.

850 1823 988 1870 Velie-j.
1014 1825 1061 1863 ΙΙ,
1085 1830 1122 1870 4.
1144 1837 1185 1872 P.
1211 1831 1276 1868 33.
1314 1825 1380 1861 VV.

914 1892 973 1915 10.
1020 1881 1157 1915 Pumex
1197 1889 1232 1915 et
1276 1878 1335 1925 c.)
1383 1882 1543 1930 pumice

850 1937 1090 1972 membranas
1112 1935 1318 1984 laevigatas
1340 1937 1468 1978 fuisse,
1499 1949 1545 1975 ut:

851 2006 975 2028 comae
1001 1992 1040 2027 h.
1073 1992 1150 2042 pili
1178 1992 1429 2035 tollerentur,
1471 2007 1542 2032 no·

851 2059 933 2084 tum
956 2049 1016 2084 est.

913 2118 974 2139 ιι.
1003 2118 1042 2142 v.
1074 2105 1121 2140 ad
1152 2118 1190 2142 v.
1225 2118 1261 2153 9.
1293 2108 1428 2145 Sensus
1468 2109 1539 2145 est:

849 2163 996 2198 Littera
1034 2162 1131 2197 facta
1167 2174 1364 2211 praetexat
1397 2164 1543 2213 fastigia

848 2220 993 2254 summa
1027 2218 1154 2254 tenuis
1190 2219 1360 2261 chartae,
1409 2231 1453 2255 ut
1482 2222 1541 2256 in-

849 2275 951 2310 dicet
983 2287 1126 2310 nomen
1159 2287 1312 2311 meum:
1364 2276 1404 2311 h.
1436 2290 1466 2313 ῡ.
1498 2278 1542 2312 iu.

849 2333 994 2366 summa
1027 2344 1093 2366 ora
1124 2330 1342 2368 voluminis
1382 2334 1443 2368 seu
1475 2345 1540 2367 cx·

850 2388 1006 2423 terim-e„
1031 2391 1092 2431 (ut
1116 2386 1269 2436 malim)
1292 2389 1354 2424 seu
1377 2388 1540 2424 interio-

849 2457 909 2483 re,
966 2444 1191 2492 inscriptum
1230 2445 1326 2480 esto:
1401 2441 1545 2481 Tibulls‘

851 2501 1015 2536 Carmen.

909 2570 969 2591 11.
1001 2559 1100 2592 tenui
1150 2575 1205 2583 -—
1235 2556 1399 2599 chartae)
1422 2554 1463 2589 in
1487 2565 1541 2591 te-

848 2612 992 2648 nuitate
1021 2626 1061 2648 ac
1094 2612 1292 2648 teneritate
1316 2610 1541 2661 praestantia

1427 2667 1537 2704 char·
