1752 2974
540 110 652 147 LIB.
687 106 766 145 IV.

839 104 1017 141 CARM.
1038 105 1117 141 ⁷11.

88 224 212 274 'Sola
239 226 538 290 puellarum
566 221 725 286 digna
749 218 846 278 est,
894 220 980 268 cui
1007 218 1190 268 mollia
1217 221 1348 268 caris
1477 233 1538 278 15

171 313 378 360 Vellera
415 312 504 359 det
538 308 704 358 succis
736 309 817 357 bis
851 304 1137 356 madefacta
1167 309 1362 370 Tyros,

93 398 460 462 Poffideatque,
499 397 648 444 metit
669 395 928 461 quicquid
952 396 1086 443 bene
1111 393 1377 442 olentibus
1403 396 1541 443 arvis

164 487 358 536 Cultor
386 484 633 533 odoratae
664 484 815 533 dives
853 483 1013 532 Arabs
1045 481 1245 546 segetis,

89 566 155 622 Et
184 589 531 637 quascunque
555 573 706 637 niger
734 573 897 621 rubro
924 570 991 618 de
1027 570 1207 618 littore
1241 569 1466 618 conchas

162 660 440 708 Proximus
470 661 592 720 Eois
624 661 826 724 colligit
862 657 1028 708 Indus
1070 658 1235 721 equis.

1475 672 1544 708 20

89 747 236 794 Hanc
269 763 396 804 vos,
446 747 710 804 Pierides,
763 745 905 795 festis
938 755 1135 794 cantate
1166 743 1434 803 Kalendis,

163 835 229 883 Et
262 832 556 885 testudinea
588 834 800 884 Phoebe
831 834 1055 901 superbe
1088 833 1219 898 lyra.

92 1088 336 1124 commodate
366 1102 438 1137 pro
468 1088 607 1126 formis
638 1100 786 1127 ornatus

92 1143 128 1177 ei
159 1144 309 1179 tribuit.
338 1144 435 1193 felix
465 1158 615 1184 autem,
655 1158 785 1194 quate-

88 1212 162 1234 nus
193 1199 343 1248 aliquid
372 1202 572 1249 praecipui
600 1203 715 1238 habet
746 1217 785 1237 ca

87 1254 131 1289 in
149 1269 189 1290 re
209 1269 299 1304 prae
323 1257 409 1292 aliis
431 1258 525 1298 diis;
559 1269 604 1293 ut
622 1259 663 1293 in
686 1258 780 1294 illo:

87 1310 192 1348 felix
224 1321 303 1347 arte
321 1312 404 1361 sua.
437 1315 487 1347 H.
550 1314 784 1350 Mitscherli·

87 1366 171 1402 chii
190 1368 413 1405 sententiam
435 1371 480 1405 de
503 1371 720 1407 Vertumno
742 1371 785 1405 in

88 1422 199 1459 coelo
244 1425 405 1473 degente
447 1427 528 1462 vid.
566 1427 614 1461 ad
646 1427 782 1462 Horat.

88 1479 134 1516 T.
157 1482 203 1517 ΙΙ.
222 1494 308 1530 pag.
332 1490 425 1526 337.
458 1484 523 1518 W.

148 1600 303 1637 15·20.
335 1596 460 1630 Suave
494 1595 589 1631 hoc:
626 1596 784 1645 dignam

85 1648 195 1685 illam
229 1651 299 1685 effe
333 1651 514 1687 omnibus
548 1654 782 1688 ornamentis

84 1704 150 1741 vel
172 1706 484 1754 exquisitiffimis,
516 1709 663 1758 quippe
685 1721 782 1756 quae

87 1774 168 1797 eam
227 1763 342 1798 unice
393 1764 571 1799 deceant:
632 1764 781 1800 nullam

84 1817 199 1853 aliam
231 1818 400 1867 puellam
426 1831 503 1856 tam
526 1820 696 1856 mirifice
721 1834 782 1857 or-

85 1885 190 1911 nent.
210 1875 262 1910 bis
283 1875 492 1923 madefacta
507 1877 657 1915 vellera,
689 1891 781 1927 pur-

83 1943 181 1980 pura
203 1931 381 1980 dibapha.
404 1944 440 1969 et
460 1946 556 1980 quae
575 1932 780 1982 poffideat:

85 1986 228 2035 ellipsis
248 1987 381 2036 paullo
403 1990 550 2025 durior.
572 1993 623 2025 H.
685 1993 780 2026 Sane

85 2041 335 2091 poffideacque
356 2058 449 2092 pro:
493 2057 528 2081 et
550 2061 646 2095 quae
670 2046 780 2094 poffi-

85 2098 197 2140 deat3
254 2113 346 2147 quae
379 2115 425 2136 ex
453 2104 696 2138 antecedenti
726 2105 781 2137 cui

85 2154 351 2191 assumendum
385 2158 456 2197 efi3
508 2158 555 2193 de
586 2172 658 2207 qua
690 2172 781 2194 con-

86 2210 295 2247 structione
309 2213 390 2249 vid.
404 2214 561 2250 Ruhnk.
574 2215 619 2250 ad
633 2217 781 2262 Hymn-

86 2268 130 2303 in
146 2268 281 2304 'Geren
319 2276 407 2312 ¹5¹·
430 2284 468 2318 p.
494 2281 557 2313 27.
587 2270 780 2319 praeclare

87 2334 277 2371 agentem.
298 2345 348 2351 —
368 2327 522 2373 Segetis.
546 2329 593 2363 cf.
615 2329 709 2364 Not.
734 2327 780 2361 ad

86 2382 117 2420 1,
141 2389 180 2423 5,
206 2380 272 2417 61.
303 2400 357 2408 -—
389 2384 450 2417 De
478 2384 613 2420 Arabia
647 2384 779 2420 odori-

87 2437 166 2472 fera
185 2438 266 2473 vid.
288 2437 385 2474 Plin.
405 2440 451 2479 V,
479 2453 540 2475 ιι.
574 2443 638 2478 W.

147 2560 211 2585 20.
243 2553 555 2603 niger—Indus)
577 2554 780 2604 Aethiops,

88 2607 159 2656 qui
185 2608 231 2644 ad
259 2621 363 2643 mare
391 2609 598 2647 Arabicum
628 2611 781 2649 accolit.

89 2664 153 2700 Sic
173 2664 252 2715 sup.
276 2666 327 2708 11,
351 2673 389 2711 5,
411 2665 473 2710 56.

1428 923 1544 971 Hoc

939 1111 994 1121 -—-
1016 1092 1165 1126 comites
1182 1087 1292 1138 fusci,
1324 1100 1417 1138 quos
1438 1088 1547 1135 India

1088 1155 1212 1185 torret,

997 1204 1097 1240 Solis
1136 1211 1173 1235 et
1220 1200 1384 1237 admotis
1425 1200 1549 1248 inficit

1078 1260 1177 1307 ignis
1203 1259 1312 1305 equis.

851 1315 1082 1355 Notiffimus
1131 1314 1242 1350 vocis
1284 1314 1468 1350 Indorum
1513 1324 1550 1350 et

851 1374 982 1409 Indiae
1015 1373 1114 1408 usus.
1145 1371 1193 1406 cf.
1225 1369 1271 1405 ad
1301 1370 1443 1418 Virgil.
1479 1372 1550 1409 Ge.

852 1432 903 1470 ΙΙ,
932 1429 1024 1465 116.
1047 1429 1113 1468 IV,
1140 1435 1233 1473 295.
1259 1427 1330 1461 ubi
1352 1439 1390 1462 v.
1414 1429 1549 1464 Burm.

854 1488 945 1522 Sive
966 1498 1065 1520 mare
1086 1482 1232 1519 rubrum
1253 1481 1368 1518 latius
1399 1483 1548 1519 dictum

852 1554 986 1591 putes,
1034 1541 1135 1589 ipsos
1177 1539 1295 1574 Indos
1341 1539 1547 1576 orientales

851 1596 1073 1645 intelligere
1089 1594 1193 1630 licet.
1253 1593 1324 1641 (Et
1344 1593 1419 1629 hoc
1441 1595 1545 1630 haud

850 1654 971 1694 dubie
990 1651 1157 1701 praestat
1184 1649 1328 1685 facere:
1369 1663 1455 1686 cum
1482 1651 1548 1687 hic

851 1710 970 1745 Indus
988 1710 1179 1758 proximus
1194 1706 1292 1742 Eois
1310 1708 1421 1755 equis,
1451 1707 1492 1744 h.
1511 1721 1543 1744 e.

851 1766 936 1802 Soli
977 1764 1141 1804 orienti,
1202 1763 1376 1810 adeoque
1420 1763 1547 1812 plagis

852 1822 1027 1860 Orientis
1059 1818 1346 1861 remotissimis,
1397 1831 1547 1855 memo-

848 1875 1072 1926 1·etur.)H.
1132 1877 1246 1912 Litus
1265 1875 1422 1913 rubrum.
1484 1877 1547 1911 In·

848 1935 911 1969 dia
971 1931 1221 1970 remotissima
1276 1931 1546 1981 intelligenda.

851 1990 991 2027 Catull.
1016 1991 1088 2030 XI.
1113 1998 1171 2023 2.:

936 2048 1018 2082 Sive
1049 2047 1087 2081 in
1116 2054 1296 2081 extremos
1333 2043 1546 2093 penetrabis

1139 2102 1263 2142 Indos,
1529 2143 1530 2147 Ἰ

935 2160 1048 2197 Litus
1060 2168 1101 2194 ut
1117 2159 1229 2205 longe
1247 2156 1442 2208 resonante
1455 2155 1544 2192 an

1144 2214 1326 2250 Tunditur
1355 2214 1466 2249 unda.

849 2274 919 2323 qui
939 2272 1050 2309 locus
1070 2273 1222 2318 integer
1246 2270 1304 2306 est.
1364 2269 1427 2304 De
1457 2281 1546 2305 con-

849 2330 933 2367 chis
959 2327 1194 2379 colligendis
1213 2327 1294 2363 vid.
1320 2327 1388 2367 111,
1412 2335 1450 2369 5,
1481 2333 1544 2368 17.

904 2450 970 2479 22.
1001 2438 1206 2489 testudinea
1234 2459 1278 2466 -·-
1312 2438 1426 2485 lyra)
1458 2435 1543 2484 lyra

849 2499 1035 2535 testudine
1086 2497 1260 2532 distincta
1313 2504 1351 2528 et
1401 2501 1545 2528 ornata.

851 2556 914 2591 Sic
932 2553 1091 2590 Phoebo
1112 2553 1222 2601 supra
1243 2550 1309 2586 lib.
1331 2550 1398 2589 ΙΙΙ,
1421 2555 1457 2592 4,
1478 2547 1544 2591 5‘7.

852 2622 931 2648 erat
966 2610 1120 2659 fulgens
1160 2605 1336 2658 testudine
1376 2613 1412 2640 et
1449 2615 1539 2640 auro

849 2668 950 2719 lyra·
