1752 2974
191 145 239 175 lv
652 126 1170 167 PRAEFATIO

193 245 346 300 Quum
387 243 520 298 igitur
560 239 644 281 hoc
687 239 791 280 tristi
829 235 1039 279 fortunae
1081 237 1177 276 casu
1217 232 1425 276 Tibullus
1471 233 1642 276 editore

193 324 269 365 suo
311 324 410 364 effet
449 320 650 368 orbatus,
701 318 878 371 iamque
927 315 1230 371 requireretur
1282 313 1357 368 qui
1406 311 1644 352 editionem

193 402 442 444 inchoatam
473 398 526 439 ad
558 397 692 438 finem
721 395 1006 452 perduceret,
1046 393 1191 452 operis
1222 389 1479 449 perficiendi
1508 403 1646 444 nego-

195 482 308 522 tium
347 479 546 520 oblatum
585 476 642 515 est
679 471 906 515 Huschkio
949 487 1001 513 eo
1042 479 1242 528 tempore
1273 469 1509 524 Gottingae
1545 481 1646 509 mo-

197 559 335 607 rami,
385 572 472 613 quo
513 552 648 608 magis
686 551 869 593 idoneus
911 551 1053 593 editor
1097 549 1268 592 Tibulli
1316 547 1510 590 inveniri
1555 561 1646 587 non

196 639 312 696 posse
351 635 591 678 videretur.
658 629 937 681 Huschkius,
981 637 1024 671 et
1052 630 1142 686 ipse
1170 625 1509 671 WVunderlichii
1540 624 1648 666 dum

196 716 373 758 vivebat
403 713 591 763 amicus,
619 725 718 752 rem
748 707 958 765 suscepitz,
998 705 1111 748 facta
1137 708 1305 765 pactio,
1346 714 1389 748 et
1418 704 1578 748 tradita
1608 702 1650 745 ei

198 793 372 843 omnia,
411 805 522 846 quae
553 804 577 831 a
606 786 959 832 Wunderlichio
999 787 1150 843 pasfim
1181 794 1328 828 notata
1358 792 1485 828 erant
1514 798 1651 840 quae-

197 888 280 929 que
312 871 454 913 oblata
484 869 538 911 ab
568 868 664 910 aliis
705 867 813 911 viris
853 865 1006 908 doctis.
1095 864 1217 907 Tum
1257 880 1365 907 vero
1398 862 1651 906 Huschkius

197 950 408 1003 cunctari,
437 964 529 993 11011
557 948 691 1006 plane
713 948 935 997 recusare,
966 959 1110 1000 neque
1140 951 1289 986 tamen
1320 958 1430 1001 opus
1459 934 1652 998 aggredi,

199 1031 376 1075 ta‘udem
413 1045 464 1072 re
504 1036 645 1071 totam
679 1028 884 1070 aestatem
920 1032 1057 1066 tracta
1093 1023 1249 1066 diserte
1279 1037 1442 1079 negare
1472 1029 1516 1064 et
1544 1036 1652 1063 con-

200 1113 386 1155 ditiones
414 1107 683 1152 renuntiare.
747 1103 882 1160 Quod
911 1119 999 1160 quo
1029 1105 1127 1146 iure
1160 1103 1332 1155 iecerit,
1361 1103 1451 1160 ipse
1481 1101 1652 1151 videat3

198 1192 334 1243 mihi,
380 1189 498 1246 quod
529 1201 687 1229 verum
717 1186 799 1238 est,
838 1184 1113 1227 narrandum
1153 1182 1249 1225 suit.
1320 1183 1457 1239 Igitur
1483 1180 1654 1223 Tibulli

201 1270 334 1313 editio
365 1283 500 1323 quum
528 1268 618 1309 iam
650 1266 812 1309 diutius
841 1263 1058 1307 retardari
1090 1278 1180 1304 non
1218 1264 1377 1320 poffet,
1415 1278 1472 1305 ne
1511 1260 1654 1303 maius

201 1349 333 1392 etiam
357 1348 571 1389 damnum
601 1353 827 1405 pateretur
857 1343 1078 1393 librarius,
1102 1343 1173 1385 vir
1193 1342 1523 1392 honestiffimus,
1552 1346 1654 1383 tan-

203 1430 305 1471 dem
338 1442 492 1469 morae
531 1426 788 1484 impatiens,
828 1424 918 1481 ipse
957 1438 1055 1465 rem
1091 1422 1139 1464 111
1175 1437 1247 1464 me
1285 1421 1456 1481 recepi,
1497 1427 1540 1472 et
1567 1419 1653 1463 feci

200 1508 247 1550 id
288 1507 407 1563 quod
447 1521 530 1562 per
571 1505 708 1547 breve
755 1501 969 1560 temporis
1015 1502 1201 1558 spatium
1251 1501 1365 1543 mihi
1411 1503 1655 1543 conceffum

200 1585 300 1629 fieri
328 1584 487 1643 potuit.
545 1582 616 1625 De
653 1596 741 1638 quo
777 1596 897 1623 nunc
934 1580 1169 1622 dicendum
1209 1581 1281 1622 est.
1339 1580 1531 1623 Librum
1558 1580 1659 1638 pri-

200 1680 327 1708 mum
373 1678 476 1705 cum
521 1662 637 1704 notis
684 1669 725 1703 et
762 1659 1134 1703 observationibus
1180 1660 1270 1717 ipse
1309 1660 1435 1717 prelo
1474 1659 1656 1702 tradidit

202 1741 605 1791 Wunderlichius,
654 1740 715 1783 ita
760 1740 808 1782 in
849 1755 901 1782 eo
950 1739 1208 1781 adornando
1248 1741 1466 1789 versatus,
1515 1748 1564 1782 ut
1611 1746 1655 1782 et

201 1823 438 1867 lectionem
467 1821 634 1879 saepius
669 1827 862 1862 mutaret
890 1827 931 1860 et
960 1826 1084 1860 notas
1114 1819 1286 1860 criticas
1318 1819 1546 1861 uberiores
1573 1819 1656 1862 ad-

200 1903 378 1955 iiceret,
405 1901 454 1943 111
484 1901 665 1942 caeteris
693 1899 878 1942 eandem
908 1897 1003 1940 fere
1025 1897 1240 1940 rationem
1269 1906 1454 1949 teneret,
1483 1899 1539 1941 de
1566 1913 1655 1954 qua

203 1981 403 2040 exposuit
444 1980 499 2022 ad
539 1979 798 2035 Virgilium.
885 1978 1089 2035 Denique
1128 1979 1278 2020 omnia
1324 1991 1436 2034 quae
1474 1977 1656 2030 addidit,

201 2060 357 2104 litteris
395 2060 457 2103 H.
492 2082 551 2092 —·
580 2059 666 2102 W.
708 2074 733 2101 a
772 2057 884 2100 notis
925 2065 967 2100 et
1004 2043 1374 2100 observationibus
1406 2057 1656 2114 Heynianis

203 2147 404 2183 accurate
435 2139 651 2181 discrevit,
707 2137 918 2193 Reliquos
944 2145 1030 2179 tres
1058 2137 1194 2179 libros
1226 2152 1305 2193 ego
1330 2136 1654 2195 imprimendos

203 2219 377 2271 curavi,
419 2226 462 2260 et
498 2217 702 2276 pertexui
740 2230 850 2275 opus
879 2210 966 2258 hoc
995 2216 1150 2258 modo:
1199 2215 1354 2271 Quum
1383 2216 1651 2274 perlustrans

204 2312 317 2354 quae
365 2312 391 2340 a
428 2295 784 2340 Wunderlichio
831 2296 984 2338 relicta
1032 2302 1178 2348 erant,
1231 2296 1356 2352 plura
1402 2295 1653 2351 reperissem

202 2377 359 2420 ultima
395 2389 532 2419 manu
574 2383 792 2426 correcta,
832 2374 941 2417 haec
978 2375 1126 2417 omnia
1163 2375 1260 2432 ipsis
1292 2375 1436 2419 verbis
1474 2374 1654 2416 servatis

203 2457 376 2514 recepi3
417 2455 576 2498 deinde
613 2471 725 2512 quae
762 2454 848 2496 alia
885 2454 1037 2512 passim
1067 2456 1120 2497 ab
1158 2471 1211 2497 eo
1250 2462 1398 2497 notata
1436 2468 1653 2496 noveram

203 2535 386 2579 Tibullo
423 2535 518 2577 usui
557 2534 728 2584 futura,
771 2533 881 2577 haec
909 2549 1082 2590 quoque
1117 2535 1342 2584 transtuli,
1382 2533 1654 2588 omninoque

204 2630 303 2658 eam
341 2615 454 2658 mihi
490 2616 638 2672 legem
675 2614 821 2666 statui,
862 2622 912 2658 ut
946 2629 1083 2671 quum
1124 2613 1327 2658 omnibus
1356 2613 1469 2656 notis
1500 2621 1540 2655 et
1570 2613 1653 2654 ob-

1503 2694 1653 2734 serva·-
