1752 2974
216 103 300 146 244

695 102 868 139 ALBII
923 101 1191 139 TIBVLLI

221 222 433 291 Quippe
455 217 552 266 ubi
573 235 685 266 11011
706 233 944 280 unquam
959 218 1116 265 Titan
1137 209 1488 280 superingerit
1511 221 1673 261 ortus.

222 312 288 359 At
319 306 494 356 media
520 303 593 351 est
625 304 830 352 Phoebi
864 302 1068 370 semper
1100 302 1328 351 subiecta
1349 300 1528 356 calori,

222 400 327 447 Seu
363 393 588 460 propior
623 392 775 439 terris
811 388 1066 439 aestivum
1104 389 1273 438 fertur
1304 388 1364 436 in
1401 387 1602 443 orbem,

223 488 326 534 Seu
350 482 486 529 celer
509 477 757 527 hibernas
780 487 1027 543 properat
1049 477 1328 526 decurrere
1355 476 1514 524 luces.
1573 475 1677 521 160

222 573 355 621 Non
389 583 515 632 ergo
552 564 721 631 preffo
756 565 926 631 tellus]
953 562 1221 629 consurgit
1256 573 1442 620 aratro,

224 660 342 709 'Nec
371 655 581 726 frugem
612 651 807 718 segetes
837 653 1114 718 praebent,
1162 668 1259 699 nec
1282 651 1475 718 pabula
1499 658 1678 696 terrae.

224 747 358 797 'Non
387 744 499 792 11110
533 742 660 790 colit
691 757 813 788 arva
839 739 969 788 deus
990 739 1325 795 Bacchusve‚
1364 739 1606 792 Ceresve,

226 834 396 884 Nulla
428 846 525 878 nec
557 827 758 876 exustas
789 828 1027 876 habitant
1062 827 1305 875 animalia
1339 835 1526 892 partes.

227 920 435 974 Fertilis
454 918 590 966 hanc
607 917 746 964 inter
765 913 931 981 posita
951 913 1023 963 est
1042 916 1287 978 interque
1305 916 1549 979 rigentes,
1578 915 1678 967 165

228 1007 531 1072 Nostraque
553 1015 604 1053 et
626 1004 755 1053 huic
779 1001 995 1052 adversa
1021 1000 1133 1052 solo
1158 1018 1279 1068 pars
1304 1003 1461 1050 altera
1487 998 1684 1055 nostro,

232 1255 284 1291 H.
304 1253 354 1289 N.
377 1251 404 1287 l.
433 1259 495 1285 12.
519 1260 550 1283 e.
579 1258 643 1294 19.
663 1255 792 1294 guttae
814 1245 924 1282 dura-

235 1312 369 1347 bantur
390 1310 427 1341 in
439 1318 569 1353 grana.
587 1323 642 1330 —
661 1302 788 1340 Valer.
801 1301 924 1337 Flacc.

233 1370 262 1407 Ι,
285 1373 379 1409 515.
413 1375 507 1396 zona
527 1361 620 1394 nube
639 1360 772 1404 rigens.
803 1358 926 1391 Deni-

236 1435 311 1470 que
332 1432 378 1454 ne
399 1416 576 1465 pluviam
602 1413 762 1462 quidem
784 1412 841 1447 ibi
861 1413 928 1446 sta-

235 1489 344 1513 tuere
368 1472 524 1508 videtur
548 1481 676 1520 poeta,
710 1482 823 1516 quam
847 1467 928 1503 illis

233 1530 464 1580 regionibus
494 1527 711 1563 attribuunt
747 1523 834 1564 alii,
878 1524 925 1560 ef.

234 1591 372 1624 Horat.
406 1584 482 1620 Od.
512 1586 578 1624 111,
607 1592 643 1625 5,
674 1589 740 1624 55.
782 1579 925 1628 Virgil.

235 1645 377 1691 Georg.
402 1643 431 1681 Ι,
456 1640 548 1682 256.
589 1637 834 1672 Eratosthen.
867 1650 925 1684 ap.

233 1698 386 1737 Heracl.
440 1696 589 1734 Pontio.
651 1693 697 1729 de
756 1692 925 1742 Ailegor.

233 1758 397 1793 Homer.
425 1766 512 1802 pag.
533 1750 625 1796 476.
664 1751 730 1785 W.

295 1842 387 1878 157.
428 1830 496 1867 Sol
525 1843 607 1866 non
634 1829 753 1864 infert
783 1829 816 1864 se
847 1828 926 1864 istis

237 1891 372 1930 terris,
422 1901 467 1924 eo
515 1899 638 1935 usque
688 1886 925 1933 pertingens.

234 1950 312 1984 Pro
335 1945 467 1994 infert,
499 1945 633 1992 ingerit
645 1940 710 1991 se,
743 1942 844 1977 dixit
868 1954 927 1976 or-

236 2013 293 2039 tus
316 2001 418 2053 suos.

299 2086 391 2126 158.
423 2079 563 2125 media)
581 2077 707 2114 Aliter
719 2076 840 2112 media
859 2077 927 2112 tel-

236 2138 294 2173 lus
328 2137 429 2173 dicta
459 2136 561 2185 apud
591 2134 717 2172 Valer.
747 2133 868 2168 Flacc.
892 2135 923 2173 Ι,

236 2202 329 2237 510.
369 2194 443 2229 Sed
484 2192 530 2226 ad
568 2191 673 2226 hunc
712 2189 844 2225 locum
876 2189 922 2225 ef.

231 2251 345 2299 virg.
369 2251 512 2296 Georg.
534 2250 564 2288 Ι,
589 2257 681 2292 257.
712 2247 778 2282 VV.

294 2323 384 2366 159.
417 2316 488 2352 Seu
519 2317 673 2364 propior
695 2315 797 2349 terris
818 2310 923 2360 aelii-

230 2388 316 2411 vum
348 2373 471 2422 fertur
504 2374 542 2406 in
580 2370 731 2414 orbem)
769 2372 923 2418 propior

230 2431 335 2466 terris
353 2442 390 2466 11.
404 2442 522 2465 zonae
534 2436 763 2476 temperatae
776 2426 920 2474 septen-

229 2484 410 2527 trionali,
448 2498 562 2534 quam
593 2498 664 2520 nos
686 2482 919 2519 habitamus.

227 2545 357 2578 fertur
378 2545 415 2577 in
437 2542 561 2578 orbem
582 2538 754 2588 aestivum
774 2537 813 2572 h.
833 2551 919 2586 per·

227 2600 353 2634 currit
374 2598 477 2634 illud
494 2598 657 2646 spatium
677 2596 809 2633 versus
820 2595 920 2630 Tro·

224 2655 356 2704 picum
381 2655 540 2695 Cancri,
574 2653 680 2703 quod
703 2665 792 2688 cum
816 2660 916 2686 eme-

1540 1091 1683 1155 Quas

992 1245 1100 1285 titur,
1130 1244 1229 1292 apud
1249 1256 1320 1279 nos
1341 1244 1452 1279 aestas
1476 1243 1536 1278 cst.
1568 1240 1685 1276 Dixit

993 1301 1094 1335 illud
1138 1301 1284 1341 orbem,
1339 1301 1430 1347 quia
1466 1300 1507 1334 in
1549 1297 1685 1333 orbem

995 1356 1123 1391 eundo
1167 1355 1223 1390 sol
1261 1366 1450 1404 peragrat.
1540 1345 1686 1391 Contra

994 1412 1166 1448 hiemem
1192 1424 1233 1446 v.
1265 1411 1316 1459 sq.
1346 1412 1391 1447 ab
1424 1410 1576 1459 exiguis
1606 1409 1685 1443 die-

994 1482 1083 1503 rum
1128 1467 1256 1517 spatiis
1298 1466 1483 1503 declaratz
1529 1466 1687 1501 decurrit:

998 1524 1065 1560 Sol
1099 1524 1217 1564 luces,
1260 1523 1361 1562 dies,
1406 1534 1587 1572 tanquam
1617 1533 1688 1570 per

1470 1579 1602 1614 venda.
1634 1577 1687 1615 H.

996 1590 1055 1616 tot
1095 1580 1210 1630 spatia
1251 1580 1361 1615 cursu
1405 1579 1490 1628 exi2³

987 1635 1109 1684 fertur
1127 1639 1165 1671 in
1188 1636 1324 1672 orbem.
1354 1636 1526 1684 cf.Vi1·g.
1544 1634 1687 1681 Georg.

993 1695 1022 1733 Ι,
1049 1702 1165 1736 537.:

1080 1750 1183 1801 Quos
1223 1752 1321 1798 ignis
1359 1749 1461 1786 coelo
1497 1747 1687 1797 Cyllenius

1275 1815 1368 1842 erret
1390 1808 1427 1841 in
1449 1805 1562 1842 orbes.
1593 1804 1658 1839 W.

1058 1862 1148 1898 161.
1188 1861 1308 1912 prssffo
1350 1863 1457 1898 tellus
1501 1858 1687 1908 consurgit

993 1920 1151 1961 ἀναενο)
1191 1917 1230 1953 11.
1265 1931 1345 1954 non
1379 1929 1518 1954 aratur.
1551 1913 1685 1964 preſjo,

997 1976 1103 2024 quod
1126 1985 1164 2011 et
1183 1974 1355 2010 Ovidius
1378 1975 1480 2009 dixit
1500 1974 1566 2008 111.
1589 1972 1684 2008 Met.

992 2035 1090 2075 104.
1123 2031 1161 2067 11.
1191 2030 1395 2080 impresso,
1424 2025 1612 2078 depreffo,
1642 2037 1686 2062 ut

994 2086 1138 2135 virgil.
1177 2087 1242 2123 Ge.
1275 2090 1312 2127 Ι,
1344 2093 1410 2134 45.
1460 2083 1686 2133 Consurgere

993 2143 1108 2180 tellus
1143 2144 1302 2179 videtur
1332 2156 1403 2192 per
1435 2142 1581 2181 sulcos,
1615 2139 1685 2187 qui

984 2199 1156 2250 suscitari
1177 2200 1361 2236 dicuutur
1373 2197 1546 2248 Virgilio
1564 2197 1632 2232 Ge.
1653 2196 1682 2236 Ι,

995 2266 1059 2304 97.
1090 2269 1128 2292 v.
1153 2256 1323 2291 Passerat-

1051 2312 1140 2356 164.
1187 2312 1305 2347 Nulla
1346 2320 1411 2347 nee
1449 2308 1590 2359 exustas
1621 2308 1684 2350 h.)

988 2368 1102 2408 11300,
1144 2369 1203 2404 uti
1231 2369 1418 2418 quaedam
1446 2369 1486 2403 in
1512 2365 1682 2415 superio-

987 2425 1121 2465 ribus,
1183 2436 1229 2460 ex
1277 2425 1435 2473 antiqua
1479 2421 1679 2472 opinione.

987 2480 1141 2517 Nostris
1177 2481 1418 2530 temporibus
1449 2478 1615 2515 certiora
1635 2477 1682 2513 de

987 2536 1038 2572 iis
1060 2537 1287 2585 regionibus
1315 2537 1535 2573 innotuere.

1048 2594 1139 2629 166.
1172 2586 1437 2643 ῘιιιὶεάάυοιῚά)
1461 2605 1554 2628 zona
1578 2600 1675 2626 tem⁶

984 2657 1114 2699 perata
1144 2649 1327 2686 australis.

1730 196 1735 278 ’ἱ
