1752 2974
499 190 609 226 LIB.
639 187 698 223 II.

772 184 949 221 ELEG.
990 184 1069 223 VI.
1426 183 1503 227 181

134 303 209 350 Sit
241 318 442 358 comes,
492 311 543 349 et
578 299 717 348 collo
752 296 963 348 fortiter
995 313 1134 346 arma
1171 298 1347 361 gerat?

55 390 144 445 Et,
182 387 273 437 seu
297 390 453 452 longa
477 388 654 435 virum
681 396 847 433 terrae
873 386 983 443 via,
1033 384 1125 433 seu
1148 401 1278 448 vaga
1306 383 1502 434 ducent

127 476 400 540 Aequora,
440 490 562 521 cum
592 474 709 521 telis
744 472 810 520 ad.
840 473 974 521 latus
1001 474 1078 520 ire
1108 472 1288 520 volet?

50 563 180 620 Ure,
217 577 366 627 puer,
398 559 605 625 quaeso,
646 573 737 610 tua
771 563 867 628 qui
898 560 1043 610 ferus
1076 560 1180 609 otia
1209 558 1383 624 liquit,
1463 570 1490 615 5

41 821 116 858 hoc
145 822 221 859 fuit
252 822 306 865 is,
346 824 416 872 qui
444 826 559 860 Iliaca
585 826 731 876 scripsit

39 879 106 924 (de
145 892 222 927 qno
252 893 292 914 v.
321 880 367 914 ad
401 881 544 928 Virgil.
583 882 652 918 lib.
683 886 728 918 ΙΙ.

38 935 130 970 Exc.
150 937 178 970 Ι.
210 949 248 984 p.
269 932 404 988 506.)‚
446 950 560 984 quem
594 940 727 975 confu-

36 991 117 1024 sum
141 1004 229 1026 cum
251 991 344 1033 illo,
387 994 499 1027 etiam
530 1008 548 1027 a
574 995 727 1030 Brouk-

36 1045 148 1081 husio
169 1058 207 1081 et
226 1061 243 1081 a
264 1061 338 1088 me,
365 1048 448 1096 post
467 1048 562 1084 alios
581 1050 725 1085 disere-

35 1102 94 1136 vit
115 1103 355 1139 Wernsdorf.
382 1106 420 1139 P.
435 1105 479 1138 L.
505 1107 559 1138 M.
573 1107 721 1143 T0.1V.

33 1170 72 1204 p.
95 1166 188 1206 579.
216 1165 307 1202 580.
346 1152 406 1194 Hs
456 1161 637 1207 Sequitur.
676 1161 726 1197 cf.

30 1213 173 1248 Lucan.
203 1215 259 1252 X,
293 1219 388 1260 407.
448 1215 511 1249 Est
558 1215 720 1251 studiose

29 1268 178 1309 sectari,
209 1281 397 1318 appetere,
429 1269 624 1309 delectari.
655 1274 722 1308 Ca-

19 1320 122 1371 stra,
154 1325 193 1361 h.
220 1340 251 1366 e,
276 1325 476 1366 militiam.
511 1328 575 1364 VV.

86 1448 121 1474 2.
163 1439 260 1475 collo
279 1459 333 1466 —
356 1453 463 1475 arma
492 1442 624 1488 gerat)
664 1444 718 1478 Ut

25 1493 201 1530 humeris
224 1507 261 1530 et
282 1495 524 1534 exhumeris,
545 1497 599 1531 ita
612 1498 715 1540 collo

27 1561 66 1585 et
96 1563 115 1584 e
145 1550 247 1586 collo
277 1561 476 1598 portamus
510 1565 572 1593 ea,
617 1567 715 1601 quae

26 1617 73 1640 ex
106 1618 152 1641 eo
186 1607 345 1655 appensa
375 1618 440 1642 aut
469 1608 505 1641 ei
535 1609 713 1656 imposita

22 1662 119 1698 sunt.
206 1665 324 1699 Arma
365 1663 508 1710 gestant
544 1659 714 1705 milites;

23 1728 61 1753 et
79 1719 277 1759 Romanus
298 1719 457 1767 quidem
476 1719 588 1755 miles
609 1734 714 1756 arma

21 1786 109 1808 cum
135 1773 268 1812 vallis,
310 1775 497 1823 vasisque.
560 1778 713 1823 Quaesi-

19 1839 104 1864 tum
143 1830 256 1866 esth.
288 1830 314 1864 l.
352 1831 468 1865 etiarn
496 1846 512 1866 a
549 1832 712 1881 Vulpio,

19 1886 204 1921 Amorine
223 1886 362 1922 militis
393 1900 440 1921 an
461 1887 605 1923 calonis
628 1902 713 1937 per-

18 1941 105 1976 sona
135 1942 329 1978 induatur.
391 1942 518 1979 Verba
554 1945 711 1992 utrique

16 1997 102 2032 sunt
132 1999 440 2034 accommodata:
486 2001 595 2049 prius
623 2002 709 2048 qui-

18 2052 104 2088 dem
131 2053 254 2089 militi
281 2055 435 2102 potius:
475 2058 570 2091 collo
594 2056 708 2103 forti-

18 2117 72 2142 ter
101 2123 205 2144 arma
235 2118 352 2156 gerat.
413 2110 592 2148 Alterum
626 2127 707 2147 cum

17 2164 99 2200 telis
120 2165 170 2199 ad
189 2165 288 2200 latus
313 2168 364 2200 ire
391 2166 541 2209 caloni3
581 2169 646 2203 etsi
670 2179 706 2204 et

14 2219 128 2256 :miles
148 2219 242 2255 alter
260 2220 372 2256 alteri
392 2222 439 2257 est
457 2218 705 2269 παραστάτης,

0 2276 64 2311 {ad
84 2275 180 2311 latus
202 2277 350 2312 incedit
376 2277 441 2313 vel
464 2278 542 2312 stat.
603 2278 703 2312 Cum

0 2327 141 2374 ¹tamen
178 2347 268 2380 puer
303 2334 425 2369 Amor
458 2335 524 2369 sit:
574 2333 704 2368 videri

15 2388 136 2436 potest
155 2387 231 2423 hoc
252 2388 415 2424 alterum
437 2390 703 2424 accommoda-

15 2443 115 2484 tius,
145 2454 189 2478 ut
217 2443 366 2480 caculae
388 2447 452 2480 seu
478 2446 577 2481 servi
598 2444 703 2479 mili-

16 2499 106 2534 taris
126 2500 162 2534 ei
180 2511 303 2548 partes
321 2501 552 2536 tribuantur.
613 2503 702 2536 Seu-

17 2555 220 2590 tentiarum
240 2559 337 2592 ordo
359 2557 411 2592 ita
442 2555 701 2592 luculentior:

17 2610 146 2645 Macer
176 2611 385 2649 militatum
417 2613 519 2653 abit,
574 2611 703 2662 puella

18 2665 179 2707 defertu
219 2669 314 2716 quid
332 2670 471 2705 Amori
493 2669 563 2705 fiet
581 2668 600 2703 ἱ)
644 2670 704 2704 An

20 2720 196 2781 sequetur
222 2723 290 2761 ille
328 2737 510 2777 tanquam
540 2724 705 2775 armiger

1323 647 1493 710 Atque

798 826 924 863 Macri
961 837 997 862 et
1027 823 1143 861 calo?
1200 825 1243 860 Id
1271 838 1365 860 vero
1400 838 1490 860 cum

799 885 992 932 expectari
1013 893 1188 930 nequeat,
1220 881 1383 917 alterum
1405 881 1488 916 sub·

795 940 882 975 iieit
901 947 1033 987 poeta:
1069 942 1191 973 Immo
1214 951 1320 978 vero,
1352 940 1486 976 Amor,

795 996 945 1030 retrahe
970 1009 1055 1031 eum
1079 1009 1126 1029 ex
1149 993 1313 1031 militia,
1345 1005 1485 1027 revoca

794 1064 882 1085 eum
915 1065 933 1084 a
956 1052 1210 1099 profectione.
1273 1049 1435 1096 Alioqui
1457 1048 1486 1082 si

792 1116 857 1141 tua
877 1116 1067 1141 tormenta
1087 1107 1253 1152 effugere
1275 1106 1364 1140 lieet
1381 1104 1485 1138 mili-

792 1161 844 1196 tia
867 1162 1040 1208 suscepta,
1074 1176 1119 1196 en
1140 1176 1220 1199 me,
1248 1162 1317 1208 qui
1338 1172 1482 1194 extem-

788 1217 857 1265 plo
887 1217 1098 1252 militatum
1130 1219 1255 1251 iturus
1286 1217 1366 1250 sim.
1437 1217 1482 1248 In

789 1274 888 1322 seqq.
909 1274 1126 1322 proprietas
1146 1272 1330 1308 sermonis
1352 1283 1387 1306 et
1406 1270 1480 1305 ele-

787 1331 916 1377 gantia
952 1329 1195 1365 observanda.
1271 1328 1361 1363 Otia
1392 1339 1480 1375 pross

785 1386 870 1432 prie
889 1385 987 1420 dicta
1007 1387 1175 1433 respectu
1196 1386 1363 1420 miliciae.
1406 1385 1479 1417 Ae·

787 1454 903 1489 quoi-a
921 1455 1031 1487 vaga,
1062 1455 1100 1477 v.
1122 1446 1157 1486 4.
1179 1450 1338 1488 propter
1358 1451 1478 1486 vagos

784 1508 918 1531 nautas
959 1507 996 1532 et
1043 1507 1262 1531 maritimos
1314 1507 1474 1530 errores.

783 1553 863 1600 sup.
886 1555 916 1592 I,
942 1562 978 1595 3,
1004 1563 1067 1599 39.
1101 1554 1237 1587 ducunt
1257 1554 1339 1587 viae
1363 1562 1399 1586 et
1416 1564 1477 1585 ae-

782 1622 898 1656 quora
922 1608 1155 1655 elegantius,
1188 1622 1301 1656 quam
1325 1619 1367 1642 ut
1386 1606 1475 1654 quis

781 1673 880 1698 terra
898 1665 1073 1711 marique
1093 1666 1167 1699 iter
1187 1665 1309 1700 faciat.
1367 1665 1475 1697 Urere

778 1732 817 1754 v.
832 1726 870 1764 5.
895 1721 940 1755 de
961 1722 1134 1755 cruciatu
1155 1722 1296 1769 accipe,
1333 1720 1378 1753 de
1393 1729 1472 1766 quo

779 1776 860 1823 sup.
894 1777 938 1811 ad
963 1779 993 1815 Ι,
1019 1789 1055 1824 9,
1084 1787 1148 1811 21.
1185 1789 1266 1811 non
1288 1789 1332 1810 eo
1356 1775 1471 1811 sensu,

781 1845 860 1878 quo
896 1832 991 1867 alibi
1024 1834 1145 1867 Amor
1177 1846 1279 1867 urere
1313 1831 1469 1866 dicitur.

777 1887 984 1935 Eleganter
995 1889 1147 1924 tandem
1172 1901 1258 1924 erro
1280 1888 1346 1922 sub
1368 1887 1471 1933 ligna.

776 1944 934 1980 Amoris
956 1956 1184 1984 revocatur,
1217 1944 1263 1978 ad
1285 1944 1470 1978 militiam

775 2000 956 2040 Amoris,
1005 2002 1047 2035 in
1081 2014 1195 2048 quam
1236 2002 1466 2034 sacramento

775 2055 929 2102 adactuq
946 2057 1033 2092 fuit.
1053 2059 1103 2091 H.
1167 2057 1275 2104 Vaga
1290 2067 1465 2103 aequora,

775 2123 819 2146 ut
850 2115 907 2152 11,
949 2121 995 2156 5,
1038 2123 1101 2159 39.
1159 2127 1274 2160 vagus
1317 2119 1464 2160 pontus.

771 2168 987 2216 Epitheton
1027 2169 1073 2203 ad
1121 2180 1295 2204 naturam
1345 2179 1464 2215 aquae

772 2224 941 2259 marinae
969 2226 1225 2260 referendum.
1272 2243 1318 2252 -
1355 2226 1464 2258 Ferus

773 2279 917 2315 dicitur
947 2281 1003 2322 is,
1041 2282 1111 2327 qui
1138 2282 1311 2316 animum
1345 2280 1463 2315 obfir-

770 2336 895 2370 mavit
913 2348 950 2372 et
968 2337 1168 2371 induravit
1185 2337 1361 2372 adversus
1378 2336 1461 2369 vim

772 2392 926 2428 amoris.
987 2393 1176 2427 Similiter
1205 2406 1285 2427 vox
1321 2391 1459 2428 tribui-

770 2458 834 2483 tur
856 2447 1016 2484 Tibullo
1045 2451 1075 2489 Ι,
1102 2453 1140 2491 5,
1168 2456 1203 2491 5.
1226 2449 1295 2496 qui
1316 2449 1362 2482 ad
1381 2448 1460 2482 for-

770 2503 1001 2539 titudinemr
1028 2506 1061 2539 se
1110 2505 1375 2551 composuerat
1422 2512 1463 2538 et.

770 2559 1044 2595 consuetudine
1085 2559 1235 2608 puellae
1268 2572 1392 2594 carcre
1423 2559 1457 2593 fe

769 2614 874 2663 poss'e
906 2617 1120 2651 iactaverat.
1161 2634 1206 2641 -—
1234 2615 1330 2650 Erro
1354 2628 1391 2648 v.
1418 2614 1453 2649 6.

773 2669 889 2711 estis,
917 2673 1023 2720 quia
1055 2672 1189 2718 signis,
1224 2672 1287 2706 sub
1311 2669 1456 2719 quibus

772 2725 928 2771 militat,
960 2726 1128 2766 discessit.
1162 2729 1226 2764 W,
