<?xml version="1.0" encoding="UTF-8"?>
<!DOCTYPE html PUBLIC "-//W3C//DTD XHTML 1.0 Transitional//EN"
    "http://www.w3.org/TR/xhtml1/DTD/xhtml1-transitional.dtd">
<html xmlns="http://www.w3.org/1999/xhtml" xml:lang="en" lang="en">
 <head>
  <title>
</title>
<meta http-equiv="Content-Type" content="text/html;charset=utf-8" />
  <meta name='ocr-system' content='tesseract 3.04.00' />
  <meta name='ocr-capabilities' content='ocr_page ocr_carea ocr_par ocr_line ocrx_word'/>
</head>
<body>
  <div class='ocr_page' id='page_1' title='image "albiitibullicarm01tibuuoft_0349.png"; bbox 0 0 1752 2974; ppageno 0'>
   <div class='ocr_carea' id='block_1_1' title="bbox 0 234 7 2075">
    <p class='ocr_par' dir='ltr' id='par_1_1' title="bbox 0 234 7 2075">
     <span class='ocr_line' id='line_1_1' title="bbox 0 234 7 2075; baseline 0 0"><span class='ocrx_word' id='word_1_1' title='bbox 0 234 7 2075; x_wconf 95' lang='lat' dir='ltr'> </span> 
     </span>
    </p>
   </div>
   <div class='ocr_carea' id='block_1_2' title="bbox 519 128 749 168">
    <p class='ocr_par' dir='ltr' id='par_1_2' title="bbox 519 128 749 168">
     <span class='ocr_line' id='line_1_2' title="bbox 519 128 749 168; baseline -0.026 0"><span class='ocrx_word' id='word_1_2' title='bbox 519 129 630 168; x_wconf 85' lang='lat' dir='ltr'>LIB.</span> <span class='ocrx_word' id='word_1_3' title='bbox 671 128 749 167; x_wconf 81' lang='lat' dir='ltr'>IV.</span> 
     </span>
    </p>
   </div>
   <div class='ocr_carea' id='block_1_3' title="bbox 824 126 1079 163">
    <p class='ocr_par' dir='ltr' id='par_1_3' title="bbox 824 126 1079 163">
     <span class='ocr_line' id='line_1_3' title="bbox 824 126 1079 163; baseline -0.004 0"><span class='ocrx_word' id='word_1_4' title='bbox 824 126 1008 163; x_wconf 82' lang='lat' dir='ltr'>CARM.</span> <span class='ocrx_word' id='word_1_5' title='bbox 1047 127 1079 162; x_wconf 91' lang='grc' dir='ltr'>Ι.</span> 
     </span>
    </p>
   </div>
   <div class='ocr_carea' id='block_1_4' title="bbox 1447 124 1528 179">
    <p class='ocr_par' dir='ltr' id='par_1_4' title="bbox 1447 124 1528 179">
     <span class='ocr_line' id='line_1_4' title="bbox 1447 124 1528 179; baseline 0 -13"><span class='ocrx_word' id='word_1_6' title='bbox 1447 124 1528 179; x_wconf 84' lang='lat'>247</span> 
     </span>
    </p>
   </div>
   <div class='ocr_carea' id='block_1_5' title="bbox 78 238 1526 567">
    <p class='ocr_par' dir='ltr' id='par_1_5' title="bbox 83 238 1412 311">
     <span class='ocr_line' id='line_1_5' title="bbox 83 238 1412 311; baseline -0.007 -16"><span class='ocrx_word' id='word_1_7' title='bbox 83 245 294 309; x_wconf 86' lang='lat' dir='ltr'>Cuique</span> <span class='ocrx_word' id='word_1_8' title='bbox 319 260 479 311; x_wconf 89' lang='lat' dir='ltr'>pecus</span> <span class='ocrx_word' id='word_1_9' title='bbox 502 240 663 292; x_wconf 84' lang='lat' dir='ltr'>denso</span> <span class='ocrx_word' id='word_1_10' title='bbox 687 239 961 306; x_wconf 81' lang='lat' dir='ltr'>pascebant</span> <span class='ocrx_word' id='word_1_11' title='bbox 992 238 1199 304; x_wconf 86' lang='lat' dir='ltr'>agmine</span> <span class='ocrx_word' id='word_1_12' title='bbox 1233 239 1412 297; x_wconf 84' lang='lat' dir='ltr'>colles,</span> 
     </span>
    </p>

    <p class='ocr_par' dir='ltr' id='par_1_6' title="bbox 78 325 1526 567">
     <span class='ocr_line' id='line_1_6' title="bbox 80 325 1449 391; baseline -0.004 -11"><span class='ocrx_word' id='word_1_13' title='bbox 80 335 146 380; x_wconf 88' lang='lat' dir='ltr'>Et</span> <span class='ocrx_word' id='word_1_14' title='bbox 167 332 390 381; x_wconf 85' lang='lat' dir='ltr'>domino</span> <span class='ocrx_word' id='word_1_15' title='bbox 414 329 557 387; x_wconf 85' lang='lat' dir='ltr'>satis,</span> <span class='ocrx_word' id='word_1_16' title='bbox 602 337 653 375; x_wconf 89' lang='lat' dir='ltr'>et</span> <span class='ocrx_word' id='word_1_17' title='bbox 683 329 915 377; x_wconf 88' lang='lat' dir='ltr'>nimium</span> <span class='ocrx_word' id='word_1_18' title='bbox 938 325 1154 390; x_wconf 86' lang='lat' dir='ltr'>furique</span> <span class='ocrx_word' id='word_1_19' title='bbox 1179 326 1449 391; x_wconf 88' lang='lat' dir='ltr'>lupoque:</span> 
     </span>
     <span class='ocr_line' id='line_1_7' title="bbox 81 412 1487 480; baseline -0.005 -12"><span class='ocrx_word' id='word_1_20' title='bbox 81 420 245 468; x_wconf 87' lang='lat' dir='ltr'>Nunc</span> <span class='ocrx_word' id='word_1_21' title='bbox 272 417 592 467; x_wconf 88' lang='lat' dir='ltr'>desiderium</span> <span class='ocrx_word' id='word_1_22' title='bbox 622 412 851 480; x_wconf 83' lang='lat' dir='ltr'>superest</span> <span class='ocrx_word' id='word_1_23' title='bbox 867 433 880 474; x_wconf 88' lang='lat'>;</span> <span class='ocrx_word' id='word_1_24' title='bbox 932 431 1055 463; x_wconf 91' lang='lat' dir='ltr'>nam</span> <span class='ocrx_word' id='word_1_25' title='bbox 1089 430 1212 462; x_wconf 90' lang='lat' dir='ltr'>cura</span> <span class='ocrx_word' id='word_1_26' title='bbox 1241 424 1487 471; x_wconf 77' lang='lat' dir='ltr'>novatur,</span> 
     </span>
     <span class='ocr_line' id='line_1_8' title="bbox 78 500 1526 567; baseline -0.004 -11"><span class='ocrx_word' id='word_1_27' title='bbox 78 507 218 556; x_wconf 88' lang='lat' dir='ltr'>Cum</span> <span class='ocrx_word' id='word_1_28' title='bbox 259 520 465 554; x_wconf 85' lang='lat' dir='ltr'>memor</span> <span class='ocrx_word' id='word_1_29' title='bbox 511 512 774 552; x_wconf 87' lang='lat' dir='ltr'>anteactos</span> <span class='ocrx_word' id='word_1_30' title='bbox 821 502 1024 567; x_wconf 87' lang='lat' dir='ltr'>semper</span> <span class='ocrx_word' id='word_1_31' title='bbox 1070 500 1228 550; x_wconf 87' lang='lat' dir='ltr'>dolor</span> <span class='ocrx_word' id='word_1_32' title='bbox 1277 501 1526 550; x_wconf 87' lang='lat' dir='ltr'>admovet</span> 
     </span>
    </p>
   </div>
   <div class='ocr_carea' id='block_1_6' title="bbox 910 605 1092 638">
    <p class='ocr_par' dir='ltr' id='par_1_7' title="bbox 910 605 1092 638">
     <span class='ocr_line' id='line_1_9' title="bbox 910 605 1092 638; baseline 0.005 -2"><span class='ocrx_word' id='word_1_33' title='bbox 910 605 1092 638; x_wconf 79' lang='lat' dir='ltr'><strong>annOS.</strong></span> 
     </span>
    </p>
   </div>
   <div class='ocr_carea' id='block_1_7' title="bbox 0 674 1521 1082">
    <p class='ocr_par' dir='ltr' id='par_1_8' title="bbox 74 674 1521 908">
     <span class='ocr_line' id='line_1_10' title="bbox 74 674 1521 745; baseline -0.003 -17"><span class='ocrx_word' id='word_1_34' title='bbox 74 679 178 728; x_wconf 86' lang='lat' dir='ltr'>Sed</span> <span class='ocrx_word' id='word_1_35' title='bbox 198 681 321 728; x_wconf 86' lang='lat' dir='ltr'>licet</span> <span class='ocrx_word' id='word_1_36' title='bbox 341 677 602 745; x_wconf 82' lang='lat' dir='ltr'>asperiora</span> <span class='ocrx_word' id='word_1_37' title='bbox 618 675 818 733; x_wconf 84' lang='lat' dir='ltr'>cadant,</span> <span class='ocrx_word' id='word_1_38' title='bbox 839 674 1141 742; x_wconf 82' lang='lat' dir='ltr'>spolierque</span> <span class='ocrx_word' id='word_1_39' title='bbox 1156 676 1368 733; x_wconf 85' lang='lat' dir='ltr'>relictis,</span> <span class='ocrx_word' id='word_1_40' title='bbox 1418 691 1521 734; x_wconf 87' lang='lat'>190</span> 
     </span>
     <span class='ocr_line' id='line_1_11' title="bbox 74 761 1444 815; baseline -0.002 -2"><span class='ocrx_word' id='word_1_41' title='bbox 74 768 204 815; x_wconf 76' lang='lat' dir='ltr'>Non</span> <span class='ocrx_word' id='word_1_42' title='bbox 238 778 289 815; x_wconf 89' lang='lat' dir='ltr'>te</span> <span class='ocrx_word' id='word_1_43' title='bbox 322 765 575 814; x_wconf 80' lang='lat' dir='ltr'>deficient</span> <span class='ocrx_word' id='word_1_44' title='bbox 605 761 810 812; x_wconf 84' lang='lat' dir='ltr'>nostrae</span> <span class='ocrx_word' id='word_1_45' title='bbox 845 779 1139 811; x_wconf 90' lang='lat' dir='ltr'>memorare</span> <span class='ocrx_word' id='word_1_46' title='bbox 1173 764 1444 812; x_wconf 84' lang='lat' dir='ltr'>Camenae.</span> 
     </span>
     <span class='ocr_line' id='line_1_12' title="bbox 74 850 1367 908; baseline -0.002 -6"><span class='ocrx_word' id='word_1_47' title='bbox 74 855 189 902; x_wconf 83' lang='lat' dir='ltr'>Nec</span> <span class='ocrx_word' id='word_1_48' title='bbox 226 853 397 903; x_wconf 88' lang='lat' dir='ltr'>solum</span> <span class='ocrx_word' id='word_1_49' title='bbox 429 853 530 901; x_wconf 86' lang='lat' dir='ltr'>tibi</span> <span class='ocrx_word' id='word_1_50' title='bbox 563 852 722 899; x_wconf 88' lang='lat' dir='ltr'>Pierii</span> <span class='ocrx_word' id='word_1_51' title='bbox 763 850 1067 899; x_wconf 83' lang='lat' dir='ltr'>tribuentur</span> <span class='ocrx_word' id='word_1_52' title='bbox 1109 851 1340 899; x_wconf 83' lang='lat' dir='ltr'>honores</span> <span class='ocrx_word' id='word_1_53' title='bbox 1353 867 1367 908; x_wconf 91' lang='grc'><strong>;</strong></span> 
     </span>
    </p>

    <p class='ocr_par' dir='ltr' id='par_1_9' title="bbox 0 936 1444 1082">
     <span class='ocr_line' id='line_1_13' title="bbox 0 936 1444 1005; baseline -0.004 -15"><span class='ocrx_word' id='word_1_54' title='bbox 0 940 2 952; x_wconf 78' lang='lat'><em>&#39;</em></span> <span class='ocrx_word' id='word_1_55' title='bbox 70 944 172 991; x_wconf 83' lang='lat' dir='ltr'>Pro</span> <span class='ocrx_word' id='word_1_56' title='bbox 209 951 260 989; x_wconf 91' lang='lat' dir='ltr'>te</span> <span class='ocrx_word' id='word_1_57' title='bbox 291 943 377 991; x_wconf 87' lang='lat' dir='ltr'>vel</span> <span class='ocrx_word' id='word_1_58' title='bbox 408 939 614 1005; x_wconf 85' lang='lat' dir='ltr'>rapidas</span> <span class='ocrx_word' id='word_1_59' title='bbox 645 936 809 986; x_wconf 85' lang='lat' dir='ltr'>ausim</span> <span class='ocrx_word' id='word_1_60' title='bbox 841 940 997 987; x_wconf 86' lang='lat' dir='ltr'>maris</span> <span class='ocrx_word' id='word_1_61' title='bbox 1029 939 1107 986; x_wconf 87' lang='lat' dir='ltr'>ire</span> <span class='ocrx_word' id='word_1_62' title='bbox 1137 955 1231 1003; x_wconf 92' lang='lat' dir='ltr'>per</span> <span class='ocrx_word' id='word_1_63' title='bbox 1258 936 1444 994; x_wconf 85' lang='lat' dir='ltr'>undas,</span> 
     </span>
     <span class='ocr_line' id='line_1_14' title="bbox 73 1024 1402 1082; baseline -0.004 -4"><span class='ocrx_word' id='word_1_64' title='bbox 73 1027 319 1078; x_wconf 75' lang='lat' dir='ltr'>Adversis</span> <span class='ocrx_word' id='word_1_65' title='bbox 361 1027 583 1077; x_wconf 86' lang='lat' dir='ltr'>hiberna</span> <span class='ocrx_word' id='word_1_66' title='bbox 617 1026 739 1073; x_wconf 89' lang='lat' dir='ltr'>licet</span> <span class='ocrx_word' id='word_1_67' title='bbox 775 1036 1012 1074; x_wconf 86' lang='lat' dir='ltr'>tumeant</span> <span class='ocrx_word' id='word_1_68' title='bbox 1046 1024 1177 1074; x_wconf 82' lang='lat' dir='ltr'>freta</span> <span class='ocrx_word' id='word_1_69' title='bbox 1213 1025 1402 1082; x_wconf 82' lang='lat' dir='ltr'>ventis,</span> 
     </span>
    </p>
   </div>
   <div class='ocr_carea' id='block_1_8' title="bbox 71 1110 1299 1169">
    <p class='ocr_par' dir='ltr' id='par_1_10' title="bbox 71 1110 1299 1169">
     <span class='ocr_line' id='line_1_15' title="bbox 71 1110 1299 1169; baseline -0.003 -5"><span class='ocrx_word' id='word_1_70' title='bbox 71 1119 174 1165; x_wconf 88' lang='lat' dir='ltr'>Pro</span> <span class='ocrx_word' id='word_1_71' title='bbox 204 1127 254 1164; x_wconf 90' lang='lat' dir='ltr'>te</span> <span class='ocrx_word' id='word_1_72' title='bbox 283 1116 368 1165; x_wconf 86' lang='lat' dir='ltr'>vel</span> <span class='ocrx_word' id='word_1_73' title='bbox 404 1113 545 1164; x_wconf 84' lang='lat' dir='ltr'>solus</span> <span class='ocrx_word' id='word_1_74' title='bbox 575 1111 749 1160; x_wconf 84' lang='lat' dir='ltr'>densis</span> <span class='ocrx_word' id='word_1_75' title='bbox 783 1110 1057 1160; x_wconf 83' lang='lat' dir='ltr'>subsistere</span> <span class='ocrx_word' id='word_1_76' title='bbox 1092 1114 1299 1169; x_wconf 77' lang='lat' dir='ltr'>turmis,</span> 
     </span>
    </p>
   </div>
   <div class='ocr_carea' id='block_1_9' title="bbox 1411 1124 1511 1172">
    <p class='ocr_par' dir='ltr' id='par_1_11' title="bbox 1411 1124 1511 1172">
     <span class='ocr_line' id='line_1_16' title="bbox 1411 1124 1511 1172; baseline -0.02 0"><span class='ocrx_word' id='word_1_77' title='bbox 1411 1124 1511 1172; x_wconf 85' lang='lat'>195</span> 
     </span>
    </p>
   </div>
   <div class='ocr_carea' id='block_1_10' title="bbox 71 1197 1515 1270">
    <p class='ocr_par' dir='ltr' id='par_1_12' title="bbox 71 1197 1515 1270">
     <span class='ocr_line' id='line_1_17' title="bbox 71 1197 1515 1270; baseline -0.004 -19"><span class='ocrx_word' id='word_1_78' title='bbox 71 1203 167 1251; x_wconf 88' lang='lat' dir='ltr'>Vel</span> <span class='ocrx_word' id='word_1_79' title='bbox 185 1219 412 1270; x_wconf 84' lang='lat' dir='ltr'>parvum</span> <span class='ocrx_word' id='word_1_80' title='bbox 424 1203 679 1250; x_wconf 87' lang='lat' dir='ltr'>Aetnaeae</span> <span class='ocrx_word' id='word_1_81' title='bbox 699 1215 891 1263; x_wconf 86' lang='lat' dir='ltr'>corpus</span> <span class='ocrx_word' id='word_1_82' title='bbox 912 1200 1239 1248; x_wconf 82' lang='lat' dir='ltr'>committere</span> <span class='ocrx_word' id='word_1_83' title='bbox 1262 1197 1515 1246; x_wconf 81' lang='lat' dir='ltr'>flammae.</span> 
     </span>
    </p>
   </div>
   <div class='ocr_carea' id='block_1_11' title="bbox 67 1284 1520 1357">
    <p class='ocr_par' dir='ltr' id='par_1_13' title="bbox 67 1284 1520 1357">
     <span class='ocr_line' id='line_1_18' title="bbox 67 1284 1520 1357; baseline -0.006 -16"><span class='ocrx_word' id='word_1_84' title='bbox 67 1293 198 1341; x_wconf 80' lang='lat' dir='ltr'>Sum</span> <span class='ocrx_word' id='word_1_85' title='bbox 232 1290 623 1357; x_wconf 87' lang='lat' dir='ltr'>quodcunque,</span> <span class='ocrx_word' id='word_1_86' title='bbox 662 1296 818 1335; x_wconf 88' lang='lat' dir='ltr'>tuum</span> <span class='ocrx_word' id='word_1_87' title='bbox 853 1284 951 1335; x_wconf 86' lang='lat' dir='ltr'>est:</span> <span class='ocrx_word' id='word_1_88' title='bbox 1005 1285 1171 1336; x_wconf 85' lang='lat' dir='ltr'>nostri</span> <span class='ocrx_word' id='word_1_89' title='bbox 1203 1285 1268 1335; x_wconf 84' lang='lat' dir='ltr'>sit</span> <span class='ocrx_word' id='word_1_90' title='bbox 1296 1286 1520 1353; x_wconf 89' lang='lat' dir='ltr'>parvula.</span> 
     </span>
    </p>
   </div>
   <div class='ocr_carea' id='block_1_12' title="bbox 902 1391 1037 1422">
    <p class='ocr_par' dir='ltr' id='par_1_14' title="bbox 902 1391 1037 1422">
     <span class='ocr_line' id='line_1_19' title="bbox 902 1391 1037 1422; baseline -0.007 -1"><span class='ocrx_word' id='word_1_91' title='bbox 902 1391 1037 1422; x_wconf 73' lang='lat' dir='ltr'>CUI&#39;a.</span> 
     </span>
    </p>
   </div>
   <div class='ocr_carea' id='block_1_13' title="bbox 70 1459 1516 1531">
    <p class='ocr_par' dir='ltr' id='par_1_15' title="bbox 70 1459 1516 1531">
     <span class='ocr_line' id='line_1_20' title="bbox 70 1459 1516 1531; baseline -0.003 -18"><span class='ocrx_word' id='word_1_92' title='bbox 70 1465 148 1514; x_wconf 86' lang='lat' dir='ltr'>Sit</span> <span class='ocrx_word' id='word_1_93' title='bbox 165 1464 279 1524; x_wconf 83' lang='lat' dir='ltr'>tibi,</span> <span class='ocrx_word' id='word_1_94' title='bbox 307 1472 502 1531; x_wconf 86' lang='lat' dir='ltr'>quanta</span> <span class='ocrx_word' id='word_1_95' title='bbox 521 1461 665 1521; x_wconf 89' lang='lat' dir='ltr'>libet,</span> <span class='ocrx_word' id='word_1_96' title='bbox 691 1459 733 1511; x_wconf 87' lang='lat' dir='ltr'>si</span> <span class='ocrx_word' id='word_1_97' title='bbox 753 1459 816 1512; x_wconf 79' lang='lat' dir='ltr'>fit</span> <span class='ocrx_word' id='word_1_98' title='bbox 836 1461 1000 1519; x_wconf 87' lang='lat' dir='ltr'>modo</span> <span class='ocrx_word' id='word_1_99' title='bbox 1012 1479 1025 1521; x_wconf 69' lang='grc' dir='ltr'><em>ς</em></span> <span class='ocrx_word' id='word_1_100' title='bbox 1066 1478 1176 1512; x_wconf 89' lang='lat' dir='ltr'>non</span> <span class='ocrx_word' id='word_1_101' title='bbox 1200 1462 1337 1513; x_wconf 88' lang='lat' dir='ltr'>mihi</span> <span class='ocrx_word' id='word_1_102' title='bbox 1356 1477 1516 1526; x_wconf 88' lang='lat' dir='ltr'>regna</span> 
     </span>
    </p>
   </div>
   <div class='ocr_carea' id='block_1_14' title="bbox 69 1707 759 1996">
    <p class='ocr_par' dir='ltr' id='par_1_16' title="bbox 69 1707 759 1871">
     <span class='ocr_line' id='line_1_21' title="bbox 133 1707 759 1760; baseline 0.005 -17"><span class='ocrx_word' id='word_1_103' title='bbox 133 1714 222 1753; x_wconf 77' lang='lat'>187.</span> <span class='ocrx_word' id='word_1_104' title='bbox 243 1710 396 1745; x_wconf 82' lang='lat' dir='ltr'>nimium</span> <span class='ocrx_word' id='word_1_105' title='bbox 407 1707 562 1760; x_wconf 77' lang='lat' dir='ltr'>furique</span> <span class='ocrx_word' id='word_1_106' title='bbox 579 1709 759 1760; x_wconf 76' lang='lat' dir='ltr'>lupoque)</span> 
     </span>
     <span class='ocr_line' id='line_1_22' title="bbox 69 1764 756 1830; baseline 0.003 -30"><span class='ocrx_word' id='word_1_107' title='bbox 69 1764 164 1830; x_wconf 38' lang='lat' dir='ltr'>cf31,</span> <span class='ocrx_word' id='word_1_108' title='bbox 192 1778 224 1807; x_wconf 83' lang='lat'>1,</span> <span class='ocrx_word' id='word_1_109' title='bbox 250 1774 314 1809; x_wconf 81' lang='lat'>33.</span> <span class='ocrx_word' id='word_1_110' title='bbox 335 1771 400 1812; x_wconf 80' lang='grc'>54.</span> <span class='ocrx_word' id='word_1_111' title='bbox 432 1765 509 1802; x_wconf 85' lang='lat' dir='ltr'>hoc</span> <span class='ocrx_word' id='word_1_112' title='bbox 528 1779 624 1802; x_wconf 86' lang='lat' dir='ltr'>vero</span> <span class='ocrx_word' id='word_1_113' title='bbox 648 1767 756 1806; x_wconf 87' lang='lat' dir='ltr'>dicit,</span> 
     </span>
     <span class='ocr_line' id='line_1_23' title="bbox 69 1835 160 1871; baseline -0.011 -14"><span class='ocrx_word' id='word_1_114' title='bbox 69 1835 160 1871; x_wconf 80' lang='lat' dir='ltr'>quia</span> 
     </span>
    </p>

    <p class='ocr_par' dir='ltr' id='par_1_17' title="bbox 125 1887 758 1938">
     <span class='ocr_line' id='line_1_24' title="bbox 125 1887 758 1938; baseline 0.005 -14"><span class='ocrx_word' id='word_1_115' title='bbox 125 1889 250 1924; x_wconf 72' lang='lat' dir='ltr'>Exilis</span> <span class='ocrx_word' id='word_1_116' title='bbox 270 1889 399 1925; x_wconf 85' lang='lat' dir='ltr'>domus</span> <span class='ocrx_word' id='word_1_117' title='bbox 420 1887 490 1938; x_wconf 78' lang='lat' dir='ltr'>est,</span> <span class='ocrx_word' id='word_1_118' title='bbox 528 1891 590 1926; x_wconf 79' lang='lat' dir='ltr'>ubi</span> <span class='ocrx_word' id='word_1_119' title='bbox 619 1904 693 1927; x_wconf 81' lang='lat' dir='ltr'>non</span> <span class='ocrx_word' id='word_1_120' title='bbox 721 1900 758 1927; x_wconf 75' lang='lat' dir='ltr'>et·</span> 
     </span>
    </p>

    <p class='ocr_par' dir='ltr' id='par_1_18' title="bbox 345 1946 684 1996">
     <span class='ocr_line' id='line_1_25' title="bbox 345 1946 684 1996; baseline 0.006 -16"><span class='ocrx_word' id='word_1_121' title='bbox 345 1946 460 1981; x_wconf 78' lang='lat' dir='ltr'>multa</span> <span class='ocrx_word' id='word_1_122' title='bbox 476 1946 684 1996; x_wconf 74' lang='lat' dir='ltr'>supetsunt,</span> 
     </span>
    </p>
   </div>
   <div class='ocr_carea' id='block_1_15' title="bbox 125 2001 755 2106">
    <p class='ocr_par' dir='ltr' id='par_1_19' title="bbox 125 2001 755 2106">
     <span class='ocr_line' id='line_1_26' title="bbox 125 2001 755 2053; baseline 0.005 -17"><span class='ocrx_word' id='word_1_123' title='bbox 125 2001 180 2036; x_wconf 76' lang='lat' dir='ltr'>Ec</span> <span class='ocrx_word' id='word_1_124' title='bbox 200 2002 391 2038; x_wconf 81' lang='lat' dir='ltr'>dominum</span> <span class='ocrx_word' id='word_1_125' title='bbox 409 2001 571 2049; x_wconf 79' lang='lat' dir='ltr'>fallunt,</span> <span class='ocrx_word' id='word_1_126' title='bbox 611 2011 647 2039; x_wconf 74' lang='lat' dir='ltr'>et</span> <span class='ocrx_word' id='word_1_127' title='bbox 669 2016 755 2053; x_wconf 81' lang='lat' dir='ltr'>pro-</span> 
     </span>
     <span class='ocr_line' id='line_1_27' title="bbox 336 2057 603 2106; baseline 0.011 -14"><span class='ocrx_word' id='word_1_128' title='bbox 336 2057 426 2106; x_wconf 76' lang='lat' dir='ltr'>sunt</span> <span class='ocrx_word' id='word_1_129' title='bbox 444 2057 603 2106; x_wconf 79' lang='lat' dir='ltr'>furibus.</span> 
     </span>
    </p>
   </div>
   <div class='ocr_carea' id='block_1_16' title="bbox 67 2146 756 2630">
    <p class='ocr_par' dir='ltr' id='par_1_20' title="bbox 67 2146 756 2630">
     <span class='ocr_line' id='line_1_28' title="bbox 129 2146 754 2197; baseline 0.005 -16"><span class='ocrx_word' id='word_1_130' title='bbox 129 2159 145 2181; x_wconf 79' lang='grc' dir='ltr'><strong>ι</strong></span> <span class='ocrx_word' id='word_1_131' title='bbox 156 2152 220 2192; x_wconf 82' lang='grc'>88.</span> <span class='ocrx_word' id='word_1_132' title='bbox 237 2147 342 2182; x_wconf 82' lang='lat' dir='ltr'><strong><em>Nunc</em></strong></span> <span class='ocrx_word' id='word_1_133' title='bbox 353 2146 754 2197; x_wconf 68' lang='lat' dir='ltr'>defideriumsuperefi)</span> 
     </span>
     <span class='ocr_line' id='line_1_29' title="bbox 69 2203 756 2253; baseline 0 -14"><span class='ocrx_word' id='word_1_134' title='bbox 69 2203 116 2239; x_wconf 80' lang='lat' dir='ltr'>ef.</span> <span class='ocrx_word' id='word_1_135' title='bbox 149 2203 226 2251; x_wconf 87' lang='lat' dir='ltr'>sup.</span> <span class='ocrx_word' id='word_1_136' title='bbox 260 2206 288 2244; x_wconf 83' lang='lat' dir='ltr'>I,</span> <span class='ocrx_word' id='word_1_137' title='bbox 327 2215 357 2243; x_wconf 82' lang='grc' dir='ltr'>ι,</span> <span class='ocrx_word' id='word_1_138' title='bbox 390 2216 426 2250; x_wconf 84' lang='lat'>9.</span> <span class='ocrx_word' id='word_1_139' title='bbox 449 2205 527 2253; x_wconf 85' lang='lat' dir='ltr'>sqq.</span> <span class='ocrx_word' id='word_1_140' title='bbox 573 2206 756 2241; x_wconf 86' lang='lat' dir='ltr'>Commu-</span> 
     </span>
     <span class='ocr_line' id='line_1_30' title="bbox 67 2259 756 2308; baseline 0.001 -14"><span class='ocrx_word' id='word_1_141' title='bbox 67 2272 157 2294; x_wconf 86' lang='lat' dir='ltr'>nem</span> <span class='ocrx_word' id='word_1_142' title='bbox 180 2270 395 2308; x_wconf 85' lang='lat' dir='ltr'>temporum</span> <span class='ocrx_word' id='word_1_143' title='bbox 417 2259 578 2297; x_wconf 83' lang='lat' dir='ltr'>illorum</span> <span class='ocrx_word' id='word_1_144' title='bbox 607 2261 756 2296; x_wconf 73' lang='lat' dir='ltr'>calami-</span> 
     </span>
     <span class='ocr_line' id='line_1_31' title="bbox 67 2325 755 2365; baseline 0.003 -15"><span class='ocrx_word' id='word_1_145' title='bbox 67 2325 183 2351; x_wconf 79' lang='lat' dir='ltr'>tatem</span> <span class='ocrx_word' id='word_1_146' title='bbox 205 2325 418 2363; x_wconf 82' lang='lat' dir='ltr'>expertum,</span> <span class='ocrx_word' id='word_1_147' title='bbox 450 2327 488 2352; x_wconf 85' lang='lat' dir='ltr'>et</span> <span class='ocrx_word' id='word_1_148' title='bbox 506 2327 755 2365; x_wconf 79' lang='lat' dir='ltr'>paternorum</span> 
     </span>
     <span class='ocr_line' id='line_1_32' title="bbox 68 2371 756 2422; baseline 0.001 -16"><span class='ocrx_word' id='word_1_149' title='bbox 68 2372 341 2418; x_wconf 82' lang='lat' dir='ltr'>avitorumque</span> <span class='ocrx_word' id='word_1_150' title='bbox 352 2371 546 2407; x_wconf 86' lang='lat' dir='ltr'>bonorum</span> <span class='ocrx_word' id='word_1_151' title='bbox 558 2383 664 2422; x_wconf 78' lang='lat' dir='ltr'>parte</span> <span class='ocrx_word' id='word_1_152' title='bbox 676 2386 756 2407; x_wconf 87' lang='lat' dir='ltr'>me·</span> 
     </span>
     <span class='ocr_line' id='line_1_33' title="bbox 67 2425 755 2477; baseline 0.001 -16"><span class='ocrx_word' id='word_1_153' title='bbox 67 2425 185 2466; x_wconf 83' lang='lat' dir='ltr'>liori,</span> <span class='ocrx_word' id='word_1_154' title='bbox 250 2427 441 2462; x_wconf 78' lang='lat' dir='ltr'>veteranis</span> <span class='ocrx_word' id='word_1_155' title='bbox 490 2429 536 2464; x_wconf 89' lang='lat' dir='ltr'>ab</span> <span class='ocrx_word' id='word_1_156' title='bbox 585 2427 755 2477; x_wconf 82' lang='lat' dir='ltr'>Augusto</span> 
     </span>
     <span class='ocr_line' id='line_1_34' title="bbox 70 2482 756 2533; baseline 0.001 -16"><span class='ocrx_word' id='word_1_157' title='bbox 70 2482 245 2531; x_wconf 78' lang='lat' dir='ltr'>affignata</span> <span class='ocrx_word' id='word_1_158' title='bbox 285 2482 580 2533; x_wconf 83' lang='lat' dir='ltr'>distributaque,</span> <span class='ocrx_word' id='word_1_159' title='bbox 618 2483 756 2533; x_wconf 83' lang='lat' dir='ltr'>spolia-</span> 
     </span>
     <span class='ocr_line' id='line_1_35' title="bbox 68 2538 756 2589; baseline 0.003 -16"><span class='ocrx_word' id='word_1_160' title='bbox 68 2548 153 2573; x_wconf 89' lang='lat' dir='ltr'>tum</span> <span class='ocrx_word' id='word_1_161' title='bbox 183 2538 294 2574; x_wconf 81' lang='lat' dir='ltr'>fuiffe</span> <span class='ocrx_word' id='word_1_162' title='bbox 324 2538 529 2576; x_wconf 82' lang='lat' dir='ltr'>Tibullum</span> <span class='ocrx_word' id='word_1_163' title='bbox 552 2538 756 2589; x_wconf 79' lang='lat' dir='ltr'>probabile</span> 
     </span>
     <span class='ocr_line' id='line_1_36' title="bbox 68 2593 131 2630; baseline 0 0"><span class='ocrx_word' id='word_1_164' title='bbox 68 2593 131 2630; x_wconf 80' lang='lat' dir='ltr'>est.</span> 
     </span>
    </p>
   </div>
   <div class='ocr_carea' id='block_1_17' title="bbox 132 2661 757 2711">
    <p class='ocr_par' dir='ltr' id='par_1_21' title="bbox 132 2661 757 2711">
     <span class='ocr_line' id='line_1_37' title="bbox 132 2661 757 2711; baseline 0.005 -14"><span class='ocrx_word' id='word_1_165' title='bbox 132 2667 223 2711; x_wconf 75' lang='lat'>289.</span> <span class='ocrx_word' id='word_1_166' title='bbox 261 2661 350 2701; x_wconf 78' lang='lat' dir='ltr'>Sine</span> <span class='ocrx_word' id='word_1_167' title='bbox 371 2662 672 2707; x_wconf 71' lang='lat' dir='ltr'>intermistione.</span> <span class='ocrx_word' id='word_1_168' title='bbox 698 2675 757 2701; x_wconf 77' lang='lat' dir='ltr'>re-</span> 
     </span>
    </p>
   </div>
   <div class='ocr_carea' id='block_1_18' title="bbox 1325 1548 1515 1614">
    <p class='ocr_par' dir='ltr' id='par_1_22' title="bbox 1325 1548 1515 1614">
     <span class='ocr_line' id='line_1_38' title="bbox 1325 1548 1515 1614; baseline -0.011 -16"><span class='ocrx_word' id='word_1_169' title='bbox 1325 1548 1515 1614; x_wconf 82' lang='lat' dir='ltr'>Lydia,</span> 
     </span>
    </p>
   </div>
   <div class='ocr_carea' id='block_1_19' title="bbox 822 1704 1514 2150">
    <p class='ocr_par' dir='ltr' id='par_1_23' title="bbox 822 1704 1514 2150">
     <span class='ocr_line' id='line_1_39' title="bbox 824 1704 1514 1746; baseline -0.007 -1"><span class='ocrx_word' id='word_1_170' title='bbox 824 1706 1050 1746; x_wconf 84' lang='lat' dir='ltr'>cordatione</span> <span class='ocrx_word' id='word_1_171' title='bbox 1091 1707 1332 1744; x_wconf 80' lang='lat' dir='ltr'>fortunarum</span> <span class='ocrx_word' id='word_1_172' title='bbox 1367 1704 1514 1741; x_wconf 80' lang='lat' dir='ltr'>amiss‘a·</span> 
     </span>
     <span class='ocr_line' id='line_1_40' title="bbox 822 1763 1513 1803; baseline -0.007 -2"><span class='ocrx_word' id='word_1_173' title='bbox 822 1779 932 1803; x_wconf 82' lang='lat' dir='ltr'>rum,</span> <span class='ocrx_word' id='word_1_174' title='bbox 971 1766 1120 1800; x_wconf 85' lang='lat' dir='ltr'>animus</span> <span class='ocrx_word' id='word_1_175' title='bbox 1150 1763 1266 1799; x_wconf 81' lang='lat' dir='ltr'>dolet.</span> <span class='ocrx_word' id='word_1_176' title='bbox 1325 1764 1441 1800; x_wconf 86' lang='lat' dir='ltr'>Nunc</span> <span class='ocrx_word' id='word_1_177' title='bbox 1474 1775 1513 1796; x_wconf 85' lang='lat' dir='ltr'>v.</span> 
     </span>
     <span class='ocr_line' id='line_1_41' title="bbox 825 1818 1514 1868; baseline -0.009 -10"><span class='ocrx_word' id='word_1_178' title='bbox 825 1822 931 1858; x_wconf 81' lang='lat' dir='ltr'>Obss&#39;.</span> <span class='ocrx_word' id='word_1_179' title='bbox 983 1823 1087 1868; x_wconf 84' lang='lat' dir='ltr'>Quae</span> <span class='ocrx_word' id='word_1_180' title='bbox 1118 1819 1209 1856; x_wconf 78' lang='lat' dir='ltr'>inde</span> <span class='ocrx_word' id='word_1_181' title='bbox 1239 1834 1257 1855; x_wconf 89' lang='lat' dir='ltr'>a</span> <span class='ocrx_word' id='word_1_182' title='bbox 1278 1835 1316 1856; x_wconf 70' lang='lat' dir='ltr'>v.</span> <span class='ocrx_word' id='word_1_183' title='bbox 1341 1828 1432 1866; x_wconf 77' lang='lat'><strong>192.</strong></span> <span class='ocrx_word' id='word_1_184' title='bbox 1465 1818 1514 1853; x_wconf 88' lang='lat' dir='ltr'>se-</span> 
     </span>
     <span class='ocr_line' id='line_1_42' title="bbox 824 1874 1513 1927; baseline -0.007 -14"><span class='ocrx_word' id='word_1_185' title='bbox 824 1877 1212 1927; x_wconf 85' lang='lat' dir='ltr'>quuntur,adulatore</span> <span class='ocrx_word' id='word_1_186' title='bbox 1227 1876 1403 1925; x_wconf 85' lang='lat' dir='ltr'>digniora</span> <span class='ocrx_word' id='word_1_187' title='bbox 1415 1874 1513 1916; x_wconf 85' lang='lat' dir='ltr'>sunt,</span> 
     </span>
     <span class='ocr_line' id='line_1_43' title="bbox 824 1933 1514 1982; baseline -0.006 -13"><span class='ocrx_word' id='word_1_188' title='bbox 824 1947 940 1981; x_wconf 88' lang='lat' dir='ltr'>quam</span> <span class='ocrx_word' id='word_1_189' title='bbox 981 1934 1152 1982; x_wconf 82' lang='lat' dir='ltr'>ingenuo</span> <span class='ocrx_word' id='word_1_190' title='bbox 1196 1933 1382 1972; x_wconf 87' lang='lat' dir='ltr'>homine;</span> <span class='ocrx_word' id='word_1_191' title='bbox 1443 1943 1514 1966; x_wconf 88' lang='lat' dir='ltr'>nec</span> 
     </span>
     <span class='ocr_line' id='line_1_44' title="bbox 823 1986 1514 2037; baseline -0.006 -12"><span class='ocrx_word' id='word_1_192' title='bbox 823 1990 952 2025; x_wconf 83' lang='lat' dir='ltr'>minus</span> <span class='ocrx_word' id='word_1_193' title='bbox 971 1990 1102 2024; x_wconf 79' lang='lat' dir='ltr'>ieiuna</span> <span class='ocrx_word' id='word_1_194' title='bbox 1124 2000 1159 2024; x_wconf 86' lang='lat' dir='ltr'>et</span> <span class='ocrx_word' id='word_1_195' title='bbox 1179 1989 1339 2037; x_wconf 80' lang='lat' dir='ltr'>ingrata.</span> <span class='ocrx_word' id='word_1_196' title='bbox 1359 1989 1408 2022; x_wconf 92' lang='lat' dir='ltr'>H.</span> <span class='ocrx_word' id='word_1_197' title='bbox 1440 1986 1514 2022; x_wconf 74' lang='lat' dir='ltr'>Sed</span> 
     </span>
     <span class='ocr_line' id='line_1_45' title="bbox 823 2044 1512 2092; baseline -0.004 -11"><span class='ocrx_word' id='word_1_198' title='bbox 823 2046 915 2081; x_wconf 86' lang='lat' dir='ltr'>vide</span> <span class='ocrx_word' id='word_1_199' title='bbox 936 2059 981 2080; x_wconf 88' lang='lat' dir='ltr'>an</span> <span class='ocrx_word' id='word_1_200' title='bbox 1002 2045 1078 2081; x_wconf 83' lang='lat' dir='ltr'>hoc</span> <span class='ocrx_word' id='word_1_201' title='bbox 1099 2045 1224 2080; x_wconf 78' lang='lat' dir='ltr'>saltem</span> <span class='ocrx_word' id='word_1_202' title='bbox 1247 2044 1408 2080; x_wconf 82' lang='lat' dir='ltr'>crimine</span> <span class='ocrx_word' id='word_1_203' title='bbox 1420 2056 1512 2092; x_wconf 87' lang='lat' dir='ltr'>poe·</span> 
     </span>
     <span class='ocr_line' id='line_1_46' title="bbox 825 2099 1440 2150; baseline -0.008 -13"><span class='ocrx_word' id='word_1_204' title='bbox 825 2112 901 2137; x_wconf 83' lang='lat' dir='ltr'>tam</span> <span class='ocrx_word' id='word_1_205' title='bbox 923 2101 1062 2137; x_wconf 80' lang='lat' dir='ltr'>liberet</span> <span class='ocrx_word' id='word_1_206' title='bbox 1084 2101 1306 2150; x_wconf 78' lang='lat' dir='ltr'>Propertius</span> <span class='ocrx_word' id='word_1_207' title='bbox 1331 2103 1359 2140; x_wconf 86' lang='grc' dir='ltr'>Ι,</span> <span class='ocrx_word' id='word_1_208' title='bbox 1385 2099 1440 2135; x_wconf 83' lang='grc'>6.;</span> 
     </span>
    </p>
   </div>
   <div class='ocr_carea' id='block_1_20' title="bbox 882 2169 1514 2598">
    <p class='ocr_par' dir='ltr' id='par_1_24' title="bbox 882 2169 1514 2598">
     <span class='ocr_line' id='line_1_47' title="bbox 882 2169 1513 2217; baseline -0.008 -12"><span class='ocrx_word' id='word_1_209' title='bbox 882 2170 970 2205; x_wconf 83' lang='lat' dir='ltr'>Non</span> <span class='ocrx_word' id='word_1_210' title='bbox 993 2183 1061 2217; x_wconf 82' lang='lat' dir='ltr'>ego</span> <span class='ocrx_word' id='word_1_211' title='bbox 1083 2169 1176 2203; x_wconf 77' lang='lat' dir='ltr'>r&#39;zunc</span> <span class='ocrx_word' id='word_1_212' title='bbox 1198 2169 1363 2203; x_wconf 79' lang='lat' dir='ltr'>Hadriae</span> <span class='ocrx_word' id='word_1_213' title='bbox 1387 2179 1513 2202; x_wconf 83' lang='lat' dir='ltr'>vereor</span> 
     </span>
     <span class='ocr_line' id='line_1_48' title="bbox 1102 2223 1512 2272; baseline -0.007 -13"><span class='ocrx_word' id='word_1_214' title='bbox 1102 2239 1200 2259; x_wconf 81' lang='lat' dir='ltr'>mare</span> <span class='ocrx_word' id='word_1_215' title='bbox 1219 2223 1362 2272; x_wconf 80' lang='lat' dir='ltr'>noscere</span> <span class='ocrx_word' id='word_1_216' title='bbox 1383 2232 1512 2263; x_wconf 78' lang='lat' dir='ltr'>tecum,</span> 
     </span>
     <span class='ocr_line' id='line_1_49' title="bbox 942 2279 1513 2330; baseline -0.009 -13"><span class='ocrx_word' id='word_1_217' title='bbox 942 2281 1061 2324; x_wconf 72' lang='lat' dir='ltr'>Tulle3</span> <span class='ocrx_word' id='word_1_218' title='bbox 1084 2294 1198 2330; x_wconf 79' lang='lat' dir='ltr'>neque</span> <span class='ocrx_word' id='word_1_219' title='bbox 1215 2281 1367 2328; x_wconf 79' lang='lat' dir='ltr'>Aegaeo</span> <span class='ocrx_word' id='word_1_220' title='bbox 1384 2279 1513 2313; x_wconf 69' lang='lat' dir='ltr'>ducere</span> 
     </span>
     <span class='ocr_line' id='line_1_50' title="bbox 1106 2336 1302 2385; baseline -0.015 -11"><span class='ocrx_word' id='word_1_221' title='bbox 1106 2338 1189 2374; x_wconf 85' lang='lat' dir='ltr'>vela</span> <span class='ocrx_word' id='word_1_222' title='bbox 1203 2336 1302 2385; x_wconf 87' lang='lat' dir='ltr'>salo,</span> 
     </span>
     <span class='ocr_line' id='line_1_51' title="bbox 884 2391 1511 2444; baseline -0.01 -12"><span class='ocrx_word' id='word_1_223' title='bbox 884 2396 971 2433; x_wconf 85' lang='lat' dir='ltr'>Cum</span> <span class='ocrx_word' id='word_1_224' title='bbox 985 2408 1054 2444; x_wconf 81' lang='lat' dir='ltr'>quo</span> <span class='ocrx_word' id='word_1_225' title='bbox 1065 2391 1418 2442; x_wconf 74' lang='lat' dir='ltr'>Rhiphaeospoffim</span> <span class='ocrx_word' id='word_1_226' title='bbox 1429 2403 1511 2426; x_wconf 81' lang='lat' dir='ltr'>con·</span> 
     </span>
     <span class='ocr_line' id='line_1_52' title="bbox 1103 2449 1453 2499; baseline 0.006 -15"><span class='ocrx_word' id='word_1_227' title='bbox 1103 2449 1278 2499; x_wconf 81' lang='lat' dir='ltr'>scendere</span> <span class='ocrx_word' id='word_1_228' title='bbox 1301 2459 1453 2486; x_wconf 78' lang='lat' dir='ltr'>montes,</span> 
     </span>
     <span class='ocr_line' id='line_1_53' title="bbox 945 2503 1514 2556; baseline -0.014 -11"><span class='ocrx_word' id='word_1_229' title='bbox 945 2508 1176 2556; x_wconf 80' lang='lat' dir='ltr'>Ulteriusque</span> <span class='ocrx_word' id='word_1_230' title='bbox 1214 2506 1344 2541; x_wconf 85' lang='lat' dir='ltr'>domos</span> <span class='ocrx_word' id='word_1_231' title='bbox 1376 2503 1514 2540; x_wconf 74' lang='lat' dir='ltr'>vadere</span> 
     </span>
     <span class='ocr_line' id='line_1_54' title="bbox 1106 2562 1362 2598; baseline -0.008 0"><span class='ocrx_word' id='word_1_232' title='bbox 1106 2562 1362 2598; x_wconf 82' lang='lat' dir='ltr'>Memnonias.</span> 
     </span>
    </p>
   </div>
   <div class='ocr_carea' id='block_1_21' title="bbox 822 2627 1515 2688">
    <p class='ocr_par' dir='ltr' id='par_1_25' title="bbox 822 2627 1515 2688">
     <span class='ocr_line' id='line_1_55' title="bbox 822 2627 1515 2688; baseline -0.012 -16"><span class='ocrx_word' id='word_1_233' title='bbox 822 2632 1074 2688; x_wconf 35' lang='lat' dir='ltr'>Adde-Horat.</span> <span class='ocrx_word' id='word_1_234' title='bbox 1088 2629 1212 2681; x_wconf 85' lang='lat' dir='ltr'>Epod.</span> <span class='ocrx_word' id='word_1_235' title='bbox 1226 2630 1259 2670; x_wconf 85' lang='lat'>1,</span> <span class='ocrx_word' id='word_1_236' title='bbox 1274 2640 1291 2662; x_wconf 89' lang='grc' dir='ltr'>ι</span> <span class='ocrx_word' id='word_1_237' title='bbox 1303 2642 1320 2665; x_wconf 82' lang='grc' dir='ltr'><strong>ι</strong></span> <span class='ocrx_word' id='word_1_238' title='bbox 1334 2647 1349 2655; x_wconf 88' lang='grc'>-</span> <span class='ocrx_word' id='word_1_239' title='bbox 1366 2633 1427 2676; x_wconf 80' lang='lat'>¹4·</span> <span class='ocrx_word' id='word_1_240' title='bbox 1444 2627 1515 2665; x_wconf 81' lang='lat' dir='ltr'>W·</span> 
     </span>
    </p>
   </div>
  </div>
 </body>
</html>
