1752 2974
347 94 424 132 ET
462 93 832 133 EDITIONVM
868 94 1232 135 PRINCIPVM.
1452 106 1502 136 21

507 252 937 300 ELEGIA
1004 254 1086 297 ΙΙ.

198 372 248 416 In
275 373 374 414 edit.
407 389 467 427 pr.
498 373 594 412 mai.
627 372 731 413 haec
760 374 916 428 legitur
945 372 1181 427 inscriptio:
1229 374 1422 423 Queritzcr
1452 375 1500 413 de

83 432 209 467 ianua
240 432 379 481 clausa
416 441 453 468 et
482 432 542 469 ad
567 433 696 482 ipsam
722 440 842 483 atque
872 434 1069 477 amasiam,
1096 433 1220 482 suam
1248 432 1384 483 maltis
1412 434 1496 469 ati-

16 498 19 502 ’
81 495 148 524 tur
176 487 406 525 hlanwa‘ttits:
439 501 489 525 ex
522 486 620 526 edit.
657 487 756 526 min.
788 487 894 525 nibil
927 498 1144 527 enotatum
1175 487 1352 540 reperio.
1382 509 1440 517 —-

194 553 230 589 3.
268 544 504 594 perficficm]
566 544 672 582 Cod.
699 548 939 594 perouſj'um.

62 649 64 651 Ι
192 606 231 644 5.
272 598 457 651 nqstrcce]
504 600 666 654 -infigni
697 600 897 639 varietate
929 599 1028 639 edit.
1061 600 1161 638 min.
1191 610 1332 641 mater.
1393 598 1491 642 Vid.

77 654 216 706 Heyn.

191 713 228 750 6.
258 713 393 760 firma
413 714 509 764 sera
540 712 582 749 in
614 712 823 751 omnibus.

191 778 230 814 7.
272 769 386 808 Edit.
417 766 479 822 p'r.
510 769 604 807 mai.
637 770 811 815 domini,
843 778 881 807 te
905 783 940 807 ν.
964 767 1136 819 hymber.
1166 768 1281 808 Edit.
1305 784 1366 824 pr.
1389 769 1487 808 min.

77 825 258 875 dq'fficili.
294 848 345 854 --

195 894 256 919 10.
295 883 392 919 [Vela
407 878 592 933 fartim]
648 880 753 921 Cod.
784 884 875 920 Nec·
889 883 1058 934 furtim·
1092 900 1146 911 ·—
1183 880 1305 921 Idem
1336 896 1394 921 vs.
1425 890 1488 928 15.

75 936 120 974 in
160 945 279 975 textu
320 937 489 992 quidem
527 952 620 977 voce
661 936 809 982 habet3
863 949 904 978 at
943 939 986 976 iu
1026 937 1214 992 margine.
1250 939 1301 977 ab
1339 938 1488 978 eadem

74 1007 223 1042 manu,
260 1008 367 1047 quae
397 993 584 1033 codicem
617 993 850 1047 descripsit,
885 995 1117 1034 adiectum:
1150 996 1228 1033 alii
1255 1005 1391 1034 noete.

193 1057 255 1099 14.
284 1053 421 1102 florea
450 1054 509 1097 s.]
567 1065 710 1089 omnes
742 1060 824 1090 tres
857 1051 1126 1091 consentiunt
1156 1050 1199 1088 in
1225 1053 1378 1102 florida
1407 1065 1438 1091 s,

193 1119 254 1157 17.
295 1105 475 1160 iuvenis]
535 1106 641 1146 Cod.
672 1111 869 1146 iuvenum.
909 1129 963 1137 —-
1021 1107 1130 1146 Mox
1168 1107 1214 1145 in
1254 1108 1354 1148 edit.
1386 1109 1483 1147 mini

70 1171 202 1202 tentet.
234 1185 288 1193 —

198 1228 260 1266 18.
293 1219 413 1270 fixo]
474 1217 579 1258 Cod.
598 1220 730 1272 falso.
771 1241 828 1249 -—
883 1219 966 1257 Pro
994 1219 1144 1271 reserat
1174 1217 1274 1258 edit.
1299 1232 1361 1271 pr.
1390 1218 1488 1258 min.

73 1279 226 1329 resin-et.
256 1297 312 1304 --
353 1275 468 1314 Edit.
501 1290 562 1329 pr.
597 1275 712 1329 apud
743 1275 919 1314 Mozell.
955 1285 1136 1329 utroque
1165 1277 1261 1315 loco
1294 1275 1486 1314 futurum

72 1333 219 1373 habet:
252 1341 374 1371 tentet
405 1355 458 1362 —
487 1334 645 1384 reseret.

195 1383 264 1440 19ss
299 1387 557 1442 descendere]
622 1388 730 1427 Cum
759 1386 859 1426 edit.
899 1401 959 1441 pr.
992 1387 1087 1426 mai.
1120 1390 1334 1443 vulgatam
1369 1388 1485 1427 dece-

74 1447 165 1484 dere
195 1445 330 1484 servat
355 1445 484 1490 Cod.;
518 1445 617 1485 edit.
645 1459 707 1498 pr.
739 1444 838 1482 min.
870 1445 1082 1482 discedere.

190 1512 253 1540 22.
291 1503 439 1542 addere
467 1502 624 1556 legitur
653 1501 907 1554 iri-utraque
936 1500 1035 1540 edit.
1068 1514 1130 1553 pr.

186 1567 250 1604 25.
291 1560 427 1606 docet]
489 1557 595 1597 Cod.
625 1567 667 1597 et
697 1557 797 1596 edit.
828 1571 890 1609 pr.
915 1557 1170 1594 min-'decem

188 1615 253 1653 26.
296 1616 565 1654 Pentameter
599 1614 643 1652 in
678 1613 784 1653 Cod.
826 1612 877 1650 ab
919 1612 1064 1652 eadem
1102 1625 1229 1650 manu
1266 1609 1484 1665 suppletur

75 1671 158 1711 ita:
201 1673 276 1711 Ille
306 1674 400 1711 deas
429 1681 560 1710 certae
590 1672 663 1709 dat
691 1672 792 1710 mila*
811 1672 940 1720 signa
968 1673 1070 1709 viae.
1131 1670 1321 1721 Utraque
1351 1668 1482 1707 editio

74 1728 194 1769 effert
223 1727 304 1767 hoc
333 1727 480 1767 modo:
520 1730 715 1767 Securum
744 1731 787 1766 in
814 1725 983 1766 tenebris
1012 1743 1071 1765 me
1087 1727 1206 1776 facit
1234 1727 1306 1771 effe
1336 1728 1380 1764 V
1376 1740 1484 1763 enus.

190 1792 256 1830 28.
295 1785 409 1824 Edit.
443 1799 505 1838 pr.
537 1784 630 1823 mai.
664 1783 826 1823 scribit:
855 1786 1027 1833 premia.
1058 1806 1115 1814 --
1153 1783 1225 1822 Vs.
1247 1791 1311 1828 51.
1336 1780 1482 1819 eadem

73 1841 286 1893 hybernae,
317 1851 365 1880 ut
393 1842 452 1889 II,
484 1850 522 1885 7.
556 1850 598 1879 et
627 1855 688 1880 vs,
722 1840 805 1894 seq.
837 1841 1013 1891 lzymber,
1042 1850 1084 1879 et
1103 1839 1139 1887 I,
1171 1845 1239 1887 47.
1269 1839 1482 1889 hybernus,

75 1912 200 1952 quam
233 1896 478 1951 scripturam
515 1896 558 1935 in
589 1896 655 1935 his
690 1896 976 1949 fimilibusque
1015 1896 1153 1937 verbis
1193 1908 1284 1933 eam
1321 1892 1482 1947 semper

73 1964 243 2002 tenere,
285 1953 412 1994 semel
444 1953 512 1992 hic
541 1954 747 1993 monitum
778 1952 839 1992 fit.
883 1973 938 1981 —
988 1951 1091 1993 Cod.
1123 1954 1305 1998 ibet-nae,
1356 1965 1482 2004 quem

73 2024 232 2049 morem
264 2009 414 2050 deserit
438 2010 496 2060 11,
529 2020 570 2060 3,
601 2019 679 2060 48,
713 2009 787 2048 ubi
815 2009 1012 2061 hybernas
1038 2008 1193 2049 scribit.
1223 2029 1280 2037 —
1320 2006 1481 2047 Eadem

73 2065 348 2105 inconstantia
377 2067 421 2104 in
453 2066 551 2106 edit.
581 2067 712 2121 princ.
740 2066 838 2106 min.
869 2089 925 2096 -

188 2131 256 2169 55.
284 2124 452 2176 semina
479 2126 591 2176 fias]
635 2122 740 2163 Cod.
760 2125 927 2176 femina
947 2124 1058 2172 fiat;
1094 2130 1137 2161 at
1166 2119 1266 2160 edit.
1295 2134 1357 2174 pr.
1385 2119 1479 2159 mai.

66 2180 253 2231 foemina
272 2182 364 2230 fiet.

191 2245 258 2282 37.
299 2239 392 2275 Nea
411 2240 488 2287 str.
519 2235 688 2287 terrete]
733 2238 800 2276 AVe
816 2239 897 2287 fir.
922 2245 1041 2275 terete
1072 2233 1203 2278 Cod.;
1234 2233 1280 2272 in
1307 2247 1356 2272 ne
1386 2246 1483 2272 con-

76 2291 262 2332 sentiunt
292 2293 416 2331 etiam
448 2293 566 2333 editt.
597 2294 728 2346 princ.

191 2355 260 2398 4ο.
301 2352 459 2398 omnes]
519 2349 631 2389 Edit.
664 2363 726 2403 pr.
758 2348 859 2388 min.
888 2351 1029 2387 omnis.

192 2414 258 2454 42.
300 2408 466 2452 rabido]
527 2407 684 2446 Omnes
716 2415 798 2446 tres
827 2407 984 2456 rapido.

193 2463 262 2512 46.
309 2465 511 2502 Fulminis
546 2484 602 2493 --
631 2462 771 2513 sistit]
837 2463 968 2502 Liber
1004 2460 1181 2516 scriptus
1222 2470 1264 2501 et
1303 2455 1483 2511 impresfi

81 2517 347 2559 consentiunt
382 2520 424 2560 in
465 2519 648 2561 lectione
674 2516 866 2570 flwininis
892 2541 948 2550 ·—
976 2521 1106 2558 vertit.
1142 2537 1199 2548 -
1238 2516 1348 2558 Mox
1378 2511 1483 2552 COd·

80 2576 214 2614 ellieit.

1326 2634 1395 2679 49.
1427 2634 1489 2666 te·-
