1752 2974
132 169 227 200 vm
462 151 959 195 PRAEFATIONES
997 152 1239 190 HEYNH.

134 277 172 312 et
199 284 265 310 res
295 268 584 326 expendimus
615 266 660 307 in
685 262 964 319 scriptoribus
994 262 1189 316 legendis
1211 268 1253 304 et
1277 261 1573 319 interpretan-

135 339 223 387 dis,
266 355 344 396 per
376 347 625 394 temporum
654 349 701 375 ac
726 346 880 374 rerum
910 334 1067 374 caussas
1092 333 1268 373 infideat
1287 331 1511 374 interdum
1532 339 1575 373 et

133 407 309 449 haereat
339 407 500 463 aliquid
535 405 704 446 animo,
755 410 828 443 aut
855 401 1139 444 contrahatur
1167 401 1375 443 sentiendi
1404 401 1576 444 habitus

133 478 288 532 aliquis
360 478 464 518 Non
496 476 638 529 itaque
667 472 753 512 five
775 471 827 512 ab
850 472 974 513 annis
1006 473 1113 512 meis
1143 473 1226 514 five
1247 488 1273 514 a
1293 471 1438 513 studiis
1470 471 1578 514 alie-

133 562 240 588 num
265 550 344 588 esse
366 548 504 588 visum
523 545 601 586 est,
632 541 861 587 Tibullum
884 544 1217 597 recognoscere,
1247 557 1346 584 cum
1373 541 1580 584 librarius

134 617 386 665 nuntiasset,
418 615 531 656 velle
549 614 589 653 se
611 625 778 670 ponere
801 625 980 666 operam
1003 611 1047 652 in
1072 612 1322 653 recudendo
1345 613 1480 661 libr03
1508 613 1581 654 etfi

134 701 223 727 non
256 685 464 733 diffitear,
516 681 676 724 factum
708 681 753 724 id
783 683 862 722 effe
892 687 1093 736 tempore
1130 696 1229 722 meo
1262 682 1389 723 valde
1421 682 1579 733 alieno,

135 771 234 796 cum
277 753 613 810 occupationum
660 765 863 793 mearum
891 750 1125 792 intervalla
1160 751 1254 792 aliis
1297 754 1424 793 essem
1466 752 1582 793 euris

134 825 353 866 destinala.
413 822 529 864 Cum
562 829 712 864 tamen
740 828 912 863 mature
934 808 1197 869 didicissem,
1236 837 1325 863 non
1358 822 1466 863 mihi
1500 838 1584 875 res,

134 894 204 934 {ed
227 907 296 934 me
318 892 447 934 rebus
469 891 744 933 submitteret
781 890 949 932 accinxi
970 904 1040 930 me
1061 889 1115 931 ad
1137 902 1320 947 operam
1342 891 1476 943 hano,
1511 893 1584 945 ita,

134 969 207 1011 ut,
237 963 393 1018 poetae
425 961 692 1003 carminibus
725 969 768 1003 et
796 960 910 1002 notis
940 959 1398 1018 observationibusque
1423 963 1586 1006 iterum

133 1032 363 1089 perlectis,
394 1031 704 1080 emendarem,
735 1030 930 1072 delerem
953 1038 994 1071 et
1015 1030 1223 1072 adderem
1253 1047 1303 1073 ea
1331 1047 1443 1088 quae
1473 1041 1587 1075 aetas

136 1113 179 1145 et
206 1105 305 1144 usus
336 1102 560 1144 docuerat.
636 1099 771 1155 Quod
805 1099 923 1142 enim
956 1099 1001 1141 in
1037 1101 1312 1156 gravioribus
1351 1104 1587 1161 disciplinis

136 1172 237 1215 fieri
263 1181 303 1213 et
324 1173 450 1223 solet,
491 1178 534 1214 et
561 1171 711 1221 debet,
750 1170 795 1212 id
825 1185 906 1211 nec
927 1170 1074 1211 minus
1096 1171 1242 1212 locum
1267 1172 1395 1215 habet
1414 1174 1458 1215 in
1483 1175 1590 1216 scri-

135 1251 317 1301 ptorum
348 1251 551 1285 veterum
577 1241 940 1299 interpretatione
965 1248 1005 1282 et
1026 1241 1200 1294 critica7
1240 1250 1287 1283 ut
1316 1245 1343 1284 fi
1372 1244 1503 1286 vicies
1534 1239 1590 1289 ad

140 1314 334 1369 aliquem
383 1313 643 1370 scriptorem
694 1311 943 1366 diligentius
989 1313 1305 1354 recensendum
1353 1315 1610 1365 accesseriss

138 1384 273 1425 vicies
306 1383 456 1425 videas
485 1382 603 1423 aliud
636 1381 792 1422 melius
812 1382 928 1438 posse
958 1382 1179 1432 constitui,
1212 1383 1329 1425 aliud
1354 1399 1592 1442 perperam

141 1456 223 1496 esse
242 1461 482 1502 tentatum3
512 1466 622 1508 quae
642 1450 731 1507 ipsa
757 1465 826 1492 res
852 1450 1053 1491 homines
1073 1452 1222 1493 doctos
1254 1454 1307 1494 ad
1338 1455 1595 1497 modestiam

141 1532 184 1566 et
213 1522 526 1566 verecundiam
555 1521 601 1561 in
633 1520 700 1562 his
728 1519 876 1561 studiis
903 1519 1123 1562 adducere
1155 1521 1296 1564 debet.
1355 1524 1426 1566 Est
1447 1533 1592 1567 autem

139 1593 258 1635 inter
279 1591 421 1633 officia
445 1590 532 1633 viri
561 1590 667 1632 boni
696 1598 737 1632 et
761 1590 901 1640 docti,
942 1598 1012 1641 ut,
1053 1606 1164 1646 quae
1197 1593 1328 1634 semel
1358 1595 1593 1649 evulgavit,

141 1662 354 1718 quamdiu
375 1661 551 1710 vixerit,
583 1661 821 1702 emendare
842 1669 881 1703 et
901 1661 1072 1705 limare.
1103 1677 1218 1712 nova
1241 1669 1387 1704 autem
1407 1663 1595 1705 lectione

144 1741 188 1774 et
219 1731 594 1773 animadversione
623 1731 892 1788 locupletare
921 1731 1039 1773 haud
1072 1731 1254 1782 definat3
1303 1733 1465 1775 etiamst
1503 1749 1595 1776 non

143 1802 342 1851 licuerit,
372 1802 416 1844 id
438 1801 554 1857 quod
576 1801 725 1858 paucis
749 1801 948 1856 contigit,
976 1801 1022 1842 in
1045 1802 1200 1844 eodem
1227 1804 1399 1861 semper
1421 1818 1598 1860 genere,

145 1871 285 1912 multo
318 1870 465 1913 minus
494 1872 539 1914 in
569 1879 829 1927 argumento
852 1871 1032 1924 eodem,
1072 1887 1250 1914 omnem
1276 1880 1461 1916 aetatem
1490 1889 1600 1917 con-

146 1942 342 1989 sumere,
380 1941 453 1982 sed
486 1942 580 1983 aliis
609 1941 780 1992 studiis,
813 1941 908 1983 aliis
939 1941 1055 1983 curis
1082 1942 1129 1983 fit
1151 1942 1411 1986 vacandum.
1472 1944 1600 1998 Quae

146 2010 293 2065 itaque
322 2009 438 2052 iuter
469 2012 707 2067 legendum
744 2013 892 2070 pasfim
932 2012 1365 2065 animadverteram,
1409 2014 1600 2058 aliorum

149 2093 326 2136 quoque
366 2082 438 2122 seu
476 2082 799 2124 observationes
847 2084 920 2125 seu
958 2083 1229 2124 coniecturas
1270 2083 1317 2125 in
1355 2084 1602 2136 Tibullum,

150 2146 259 2191 locis
293 2149 376 2191 suis
399 2151 623 2209 adscrips13
654 2154 812 2194 excussl
834 2167 1007 2208 quoque
1028 2161 1116 2195 tres
1148 2153 1316 2195 codices
1344 2153 1602 2210 Guelpher-

153 2219 363 2275 hymnos,
405 2222 460 2264 de
491 2222 649 2277 quibus
679 2222 727 2264 in
757 2222 957 2265 codicum
985 2225 1165 2266 recensu
1186 2224 1427 2266 accuratius
1455 2232 1602 2266 actum

153 2289 337 2332 videbis.
1427 2288 1430 2292 ’

270 2360 480 2404 Ceterum
500 2359 554 2402 de
573 2360 664 2418 ipso
684 2375 844 2418 genere
862 2362 1182 2421 interpretandi
1199 2371 1241 2405 et
1260 2362 1601 2413 commentandi,

158 2430 278 2486 quod
305 2430 353 2472 in
385 2430 470 2472 hoc
496 2431 648 2488 poeta,
695 2434 840 2490 postea
874 2433 922 2475 in
959 2433 1175 2490 Virgilio,
1224 2433 1450 2490 amplexus
1494 2433 1601 2480 sum,

157 2501 298 2542 multa
337 2499 409 2542 hie
449 2500 611 2543 addere
653 2505 817 2544 necesse
850 2502 968 2544 haud
999 2505 1079 2553 est,
1126 2501 1478 2559 quandoquidem
1508 2500 1602 2541 aliis

158 2568 250 2610 :iam
266 2570 373 2612 locis
392 2569 484 2613 eius
503 2571 751 2624 confilium,
780 2572 911 2625 fines,
950 2589 1078 2615 veros
1099 2581 1141 2616 et
1173 2586 1329 2630 pravos
1362 2571 1481 2620 usus,
1524 2570 1603 2612 de-

162 2639 339 2682 claravi.
408 2640 520 2682 Cum
550 2642 848 2700 superioribus
878 2644 1085 2685 aetatibus
1115 2643 1169 2685 ad
1202 2641 1477 2684 auctoritates
1510 2636 1606 2680 fere

161 2715 208 2751 ot
234 2710 366 2752 sectas
394 2718 599 2754 revocata
628 2714 727 2756 esset
757 2721 956 2758 veterum
985 2714 1251 2774 scriptorum
1274 2710 1608 2756 tractandorum

1471 2785 1612 2822 ratio:
