1752 2974
479 139 610 181 LIB.
641 139 676 180 1.
724 138 941 179 2ELEG.
972 139 1058 180 IX.

1415 144 1494 186 115

44 257 160 309 Nec
180 256 279 305 tibi
310 256 515 305 celandi
534 255 645 320 spes
663 253 744 312 fit,
782 271 996 319 peccare
1019 257 1254 320 paranti3

121 344 207 393 Est
231 344 381 401 deus,
422 343 657 392 occultos
682 339 777 406 qui
799 352 942 391 vetat
967 340 1063 390 esse
1088 343 1259 394 dolos.

43 432 155 499 Ipse
178 431 310 480 deus
331 430 485 479 tacito
509 428 748 495 permisit
766 430 884 477 lena
906 429 1146 482 ministro

1420 448 1486 495 25

117 519 308 568 Ederet
336 527 395 566 ut
418 517 591 566 multo
618 517 783 564 libera
808 518 967 565 verba
990 533 1164 577 mero3

16 651 19 654 .
40 606 152 672 Ipse
175 606 306 654 deus
328 603 513 653 somno
535 602 768 653 domitos
793 606 1030 652 emittere
1055 621 1248 654 vocem

113 691 274 749 lussit,
315 703 366 739 et
391 692 591 740 invitos
615 691 745 739 facta
769 693 990 756 tegenda
1016 694 1181 757 loqui.

40 783 182 829 Haec
209 796 306 844 ego
331 778 598 838 dicebam3
636 794 780 827 nunc
801 796 887 827 me
905 778 1100 829 flevisse
1126 781 1452 844 loquentem,

112 868 276 915 'Nunc
302 865 472 932 pudet
499 866 563 914 ad
584 877 791 915 teneros
817 866 1153 931 procubuisse
1177 868 1349 933 pedes.
1417 883 1489 927 50

37 957 192 1002 Tunc
220 952 355 1000 mihi
377 954 599 1011 iurabas,
638 954 794 1002 nullo
818 964 867 1001 te
890 955 1072 1004 divitis
1095 957 1212 1003 auri

114 1040 369 1097 Pondere,
409 1059 520 1089 non
539 1043 759 1106 gemmis
781 1042 1014 1089 vendere
1038 1044 1176 1090 velle
1196 1042 1367 1090 fidem
1384 1060 1399 1102 ;

36 1128 181 1185 Non,
220 1127 318 1175 tibi
337 1126 380 1174 si
403 1129 637 1194 pretium
659 1129 946 1196 Campania
967 1139 1104 1176 terra
1129 1129 1360 1187 daretur,

35 1355 141 1404 quod
174 1355 376 1391 subiicitur
405 1354 451 1388 de
474 1352 722 1392 verberibus:

35 1415 174 1447 intorto
207 1412 374 1450 verbere,
416 1409 592 1457 flagello,
632 1422 675 1446 ut
696 1415 724 1452 I,

37 1468 74 1507 6,
100 1466 162 1509 46.
206 1468 255 1503 H.
323 1467 384 1501 De
415 1465 617 1501 locutione
647 1482 726 1502 ver-

35 1523 118 1558 bere
133 1521 261 1569 secare
290 1521 370 1557 vid.
395 1522 521 1568 Heyn.
556 1523 602 1556 ad
626 1525 655 1562 I,
685 1530 724 1570 4,

36 1589 101 1622 70.
134 1597 188 1604 —
232 1579 412 1612 Ceterum
445 1590 464 1610 a
496 1578 724 1613 verberibus

33 1634 236 1669 'videbitur
266 1633 340 1667 tibi
369 1632 486 1679 petita
509 1632 578 1667 effe
607 1645 725 1668 trans-

35 1688 129 1724 latio
154 1689 271 1723 Persii
290 1690 320 1728 I,
349 1694 436 1730 114.
475 1688 594 1723 Secuit
614 1691 725 1723 Laci-

36 1746 107 1779 lius
129 1744 262 1784 urbem,
294 1744 322 1777 si
338 1743 561 1778 111e1nineri>
577 1747 727 1780 verbera

35 1801 208 1848 linguae,
249 1799 440 1836 verberare
470 1800 609 1841 verbis,
650 1816 727 1836 ver·-

34 1857 161 1892 l’erare
188 1859 263 1892 fine
290 1855 422 1891 verbis.
453 1874 507 1898 ·.-·
529 1867 592 1900 25.
643 1872 724 1904 par.

34 1914 120 1948 Iuv.
138 1914 243 1953 XIV,
265 1918 331 1959 47.
370 1913 408 1946 Si
428 1912 518 1961 quid
539 1922 643 1961 turpe
661 1928 726 1960 pa—

36 1982 111 2005 ras.
144 1970 209 2005 W.

94 2033 157 2068 25.
182 2025 244 2060 26.
276 2027 393 2072 Saepe
415 2024 552 2059 divino
565 2025 726 2060 numine

34 2082 177 2116 factum
206 2081 276 2115 ess'e
297 2081 368 2120 ait,
399 2091 463 2119 ut,
495 2080 561 2115 vel
581 2092 726 2116 tacente

33 2137 165 2176 servo,
197 2136 282 2171 lena
304 2150 372 2184 per
394 2136 617 2171 ebrietatem
640 2150 725 2185 per-

32 2192 170 2228 fidiam
189 2203 378 2240 retegeret
399 2204 440 2225 ac
462 2193 654 2239 proderet.
676 2194 724 2228 H.

36 2248 157 2284 Ovid.
182 2248 292 2282 Trist.
314 2250 382 2288 ΙΙΙ,
404 2256 441 2290 5,
462 2255 525 2291 48.

161 2303 363 2353 Lapsaque
374 2302 463 2351 sunt
483 2307 595 2340 nimio
615 2305 727 2341 verba

311 2359 470 2406 profana
492 2375 601 2396 mero.

37 2416 174 2451 Sextus
202 2414 302 2450 casus
326 2429 421 2449 mero
446 2419 588 2451 cansam
611 2418 726 2465 signi-

38 2470 144 2512 fleat,
180 2484 248 2506 cur
270 2472 385 2506 verba
408 2470 527 2506 libera
548 2475 725 2508 ediderit.

36 2527 147 2575 Virg.
171 2527 252 2563 Ecl.
276 2529 336 2568 V,
370 2528 433 2562 62.
475 2527 549 2576 Ipsi
582 2531 728 2564 laeticia

38 2595 146 2617 voces
169 2585 218 2618 acl
231 2583 358 2631 sidera
385 2587 536 2619 iac-tanc.
560 2586 624 2620 VV.

98 2650 160 2681 27.
190 2653 229 2674 v.
251 2642 402 2674 Lucret.
428 2642 474 2681 V,
503 2648 622 2686 1157.
648 2642 726 2691 sqq«

39 2693 160 2730 Addit
180 2694 251 2731 alia
272 2696 448 2733 onukh.

1341 1216 1490 1276 Non,

853 1367 915 1405 29.
936 1366 1000 1401 50.
1037 1357 1157 1405 Sequi
1178 1358 1361 1393 debebat:
1385 1359 1490 1394 Haec

795 1427 866 1463 ego
896 1413 1068 1448 dicebam
1100 1413 1192 1448 flens
1226 1425 1262 1448 et
1289 1415 1335 1448 ad
1365 1428 1490 1462 genua

793 1469 908 1518 pueri
938 1468 1157 1503 advolutus.
1227 1470 1383 1505 Poetica
1409 1482 1489 1507 arte

793 1526 887 1560 haee
911 1525 1085 1560 invertit.

851 1602 916 1635 51.
949 1592 1077 1625 divitis
1109 1592 1216 1636 auri)
1248 1594 1354 1640 quod
1385 1592 1487 1629 divi·

795 1658 869 1682 tem
889 1647 1028 1685 reddit,
1061 1648 1217 1682 divitias
1232 1650 1414 1684 continet.
1437 1652 1488 1686 II.

795 1704 906 1739 Conf.
932 1705 970 1742 I,
998 1715 1044 1737 ιο
1062 1728 1070 1741 ,
1098 1713 1133 1745 7.
1167 1704 1292 1738 divitis
1324 1707 1415 1740 auri.
1451 1717 1489 1741 et

793 1761 864 1799 111,
884 1767 920 1801 5,
945 1773 958 1792 ι
972 1770 1004 1792 1.
1026 1758 1162 1806 ibique
1175 1759 1377 1807 Vulpium.
1394 1764 1487 1796 Pro·

793 1826 888 1863 pert.
914 1816 983 1854 111,
1009 1821 1045 1856 5,
1063 1822 1096 1857 4.
1119 1828 1261 1861 gemma
1282 1817 1392 1852 dives.
1426 1820 1488 1851 In-

794 1872 849 1906 fra
880 1873 929 1911 ΙΙ,
954 1878 989 1912 5,
1011 1879 1074 1913 55.
1095 1873 1218 1918 gregis
1239 1873 1328 1907 dicis
1350 1871 1488 1921 ibique

793 1927 1005 1974 Heynium.
1029 1928 1094 1963 W.

851 2011 914 2048 55.
948 2006 1056 2046 Non,
1094 2005 1161 2040 tibi
1174 2005 1213 2054 si
1232 2004 1417 2053 precium)
1447 2003 1488 2042 h.

793 2073 938 2096 merces
987 2062 1128 2109 stupri,
1202 2074 1246 2098 ut
1289 2065 1405 2111 saepe.
1448 2077 1487 2099 v.

793 2116 969 2152 Broukh.
994 2117 1040 2152 ef.
1073 2119 1201 2153 Heius.
1226 2119 1272 2153 ad
1295 2117 1415 2155 Ovid‘
1436 2120 1487 2154 ΙΙ.

795 2174 890 2210 Met.
915 2183 1007 2215 701·
1039 2175 1214 2212 Gronov.
1238 2175 1406 2215 Obmn,
1423 2181 1488 2218 25.

851 2251 905 2286 ib.
939 2253 1146 2298 Campania
1176 2253 1292 2296 Ferra)
1326 2250 1487 2293 dictum,

794 2318 838 2343 ut
873 2318 968 2343 terra
1001 2310 1136 2350 Italia,
1170 2319 1266 2343 terra
1292 2308 1488 2357 Hispania,

796 2375 833 2399 et
846 2363 930 2404 alia,
945 2365 1166 2400 cuiusmodi
1181 2365 1352 2413 exempla
1367 2363 1489 2398 multa

795 2421 977 2467 congeffit
1006 2419 1187 2468 Vulpius.
1219 2422 1268 2457 Η.
1320 2423 1490 2455 Praeter-

796 2486 909 2524 quam
940 2476 1045 2524 quod
1060 2478 1211 2522 fluvius,
1249 2478 1343 2515 urbs,
1378 2484 1488 2526 tersa,

793 2546 895 2566 mons
917 2544 986 2567 etc.
1010 2534 1236 2568 nominibus
1257 2530 1488 2580 geographi·

794 2587 848 2622 cis
893 2589 1175 2623 determinandi
1213 2590 1317 2622 causa
1351 2586 1488 2621 crebro

794 2644 1002 2684 adduntur,
1030 2646 1187 2679 nomina
1210 2653 1395 2678 terrarum
1410 2642 1489 2690 pri-

793 2711 873 2742 mo,
898 2700 1108 2736 maximam
1130 2711 1230 2736 certe
1251 2709 1411 2749 partem,
1425 2697 1489 2732 ad·

944 2757 983 2793 H
1380 2753 1490 2790 iecti-
