1752 2974
220 126 300 168 166

696 127 872 165 ALBII
914 127 1176 169 TIBVLLI

295 243 433 292 Ilion
467 242 708 298 ardentes
739 226 1121 308 respiceretque
1152 241 1308 292 deos:

220 332 512 394 (Romulus
545 340 782 377 aeternae
813 330 1057 380 nondum
1087 330 1408 379 formaverat
1437 331 1587 381 urbis

297 419 542 474 Moenia,
597 414 823 469 consorti
861 435 974 471 uon
1008 418 1290 470 habitanda
1326 421 1511 468 Remo.

220 659 435 711 postquam,
480 671 597 709 quare
628 661 913 711 interpunctio-

222 731 310 753 nem
352 718 432 766 post
474 719 596 753 Lares
634 719 797 753 mutavi.
854 716 915 751 Est

222 774 403 809 sementia
417 773 561 809 adiecta
584 787 620 811 et
640 787 784 809 annexa
805 785 914 808 more

223 830 325 878 apud
347 841 496 865 veteres
520 830 722 879 scriptores
752 843 832 865 uon
855 831 913 864 in-

222 886 439 934 frequente.
530 886 657 921 Simul
714 886 914 921 tranfltum

223 942 298 977 fibi
330 954 436 990 parat
470 952 585 991 poeta
616 942 662 977 ad
694 943 914 990 sequentem

224 997 508 1045 digreffionem,
539 999 583 1032 ad
602 999 759 1045 Heynio
780 1011 916 1045 paren·

220 1053 368 1089 ,thesios
392 1055 507 1102 signis
525 1054 723 1090 inclusam.
757 1054 917 1102 Reliqui

225 1109 320 1145 haec
340 1111 441 1158 signa
463 1123 532 1144 uec
560 1111 766 1159 improbo,
797 1111 915 1145 modo

226 1176 375 1205 teneas,
417 1164 521 1201 nihil
567 1166 633 1200 hic
677 1167 748 1200 esse
803 1165 916 1213 plane

227 1222 448 1270 abruptum,
472 1221 533 1256 sed
554 1221 718 1257 alterum
739 1235 785 1257 ex
799 1221 917 1258 altero

228 1289 315 1326 apte
343 1290 499 1313 nexum.
540 1279 606 1316 W.

256 1329 258 1331 .
286 1345 350 1370 22.
384 1335 554 1368 ardentes
580 1352 637 1361 —
666 1335 782 1378 deos)
826 1334 918 1369 deo-

228 1404 317 1426 rum
341 1389 495 1437 templa.
517 1403 554 1425 v.
570 1389 740 1425 Passerat.
765 1390 811 1425 ad
828 1391 921 1425 Pro·

227 1456 326 1495 pert.
348 1448 398 1482 11,
421 1452 458 1486 5,
483 1451 545 1487 28.
587 1444 727 1480 Sellius
759 1445 864 1480 Obff.
887 1459 918 1480 c.

233 1509 296 1544 ²5·
323 1511 359 1536 et
381 1501 418 1534 h.
439 1500 464 1534 l.
488 1500 664 1536 Broulzh.
726 1502 837 1538 Valet
859 1515 922 1537 au-

230 1568 308 1592 tem
349 1557 416 1591 hic
456 1556 647 1604 loquendi
685 1558 826 1593 modus
876 1558 921 1592 ad

229 1609 434 1660 ἐνάργειαν.
484 1614 534 1648 H.
612 1616 674 1649 De
722 1615 922 1649 locutione

232 1669 370 1705 confer
390 1679 582 1716 praeterea
603 1671 850 1719 VirgiI.Aen.
873 1673 923 1711 11,

232 1735 284 1772 51
298 1738 331 1763 ι,
386 1725 496 1761 Adde
519 1726 659 1762 similia
685 1728 767 1762 loca
790 1730 924 1762 Iuven-

233 1784 312 1818 δεῖ.
327 1790 364 1824 5,
381 1792 471 1816 201.
494 1793 530 1817 et
542 1782 923 1831 Callimach.Hymn.

233 1838 278 1876 in
313 1836 402 1872 Del.
438 1845 525 1881 180.
564 1838 633 1874 ubi
666 1853 803 1876 verum
847 1854 926 1876 non

234 1893 423 1929 viderunt
442 1894 680 1942 interpretes.
723 1898 926 1932 Caeterum

235 1950 409 1986 ardentes
429 1950 483 1983 dii
503 1950 587 1986 aliis
607 1953 649 1987 in
670 1952 765 1989 locis
779 1951 928 2000 statmie

236 2005 390 2042 deorum
423 2006 501 2040 dici
533 2008 927 2058 poffu11t,quand0·

238 2062 401 2109 quidem
434 2073 536 2098 recte
569 2065 655 2100 deus
689 2079 760 2114 pro
801 2063 928 2114 effigie

239 2117 303 2152 dei
333 2118 557 2165 usur-3patu1
600 2132 643 2156 ut
672 2123 772 2170 apud
796 2122 928 2170 Virgi-

238 2171 341 2211 lium
375 2174 466 2210 Aen.
498 2177 577 2216 XI,
622 2189 712 2213 200.
762 2178 929 2215 ardentes

234 2227 333 2277 socii
361 2244 440 2265 non
478 2242 573 2267 tect-1
610 2233 694 2268 sunt
735 2235 927 2269 sociorum

243 2286 435 2328 ardentia,
468 2287 527 2321 sed
550 2301 724 2337 corpora.
755 2292 819 2326 W.

301 2351 367 2384 25·
398 2343 436 2379 R
467 2353 637 2380 aeternae
665 2347 824 2382 nondum
848 2345 930 2397 for-

243 2407 410 2436 maverat
438 2399 535 2434 urbis
553 2401 738 2449 Moenia)
768 2403 930 2437 Aeterna

239 2454 329 2492 urbs
357 2454 505 2490 solenni
537 2458 694 2492 nomine
718 2460 838 2493 Roma
861 2471 932 2493 vo-

245 2521 366 2547 catur.
392 2524 430 2546 v,
464 2512 594 2548 Dousa
626 2514 794 2550 Praecid.
826 2528 856 2549 c.
891 2520 929 2558 8.

242 2566 420 2603 Broukh.
451 2578 488 2603 et
507 2569 622 2618 Vulp.
650 2569 689 2605 h.
717 2569 742 2606 l.
766 2569 932 2618 formare

247 2622 296 2657 est
324 2624 483 2673 proprie
524 2624 732 2662 describere
764 2638 802 2662 et
838 2626 931 2661 deli-

245 2691 358 2717 neare
415 2679 651 2724 aedificium,
729 2694 932 2736 antequam

1568 506 1670 560 Sed
1738 502 1740 560 ἒ

984 661 1182 697 excitatur.
1254 663 1366 698 Unde
1396 663 1541 698 formae
1570 660 1671 696 aedi·

982 717 1178 752 ficiorum.
1235 731 1274 753 v.
1330 718 1510 766 Scaliger.
1563 719 1670 752 Lect.

982 774 1126 808 Aaron.
1146 786 1176 808 c.
1201 779 1235 816 4.
1281 773 1355 809 Sed
1375 775 1418 812 h.
1442 774 1464 810 1.
1487 772 1672 822 simplici-

984 840 1041 864 ter
1073 828 1363 877 accipiendum,
1393 831 1579 872 condere,
1610 842 1674 863 ex·-

983 885 1137 921 struere.
1199 886 1299 921 Nam
1319 885 1434 921 nimis
1454 897 1587 933 argute
1615 886 1674 919 iu-

984 952 1245 990 terpretantur
1275 941 1449 976 Bronkh.
1482 953 1518 977 et
1554 940 1673 988 Vulp-

985 997 1030 1031 de
1062 1011 1130 1038 eo,
1173 999 1280 1045 quod
1310 997 1502 1034 Romulus
1527 998 1675 1032 futurae
1737 1007 1739 1044 }

987 1053 1093 1089 urbis
1124 1055 1286 1103 speciem
1319 1065 1432 1101 atque
1465 1054 1676 1101 imaginem
1737 1074 1739 1087 ,

988 1110 1140 1150 animo,

985 1166 1220 1205 membrana,
1243 1166 1585 1214 praeformaverit:
1617 1178 1678 1198 ae-

987 1235 1063 1269 que
1094 1235 1135 1257 ac
1173 1222 1200 1257 fi
1231 1223 1318 1270 quis
1349 1221 1416 1256 illa
1446 1220 1678 1258 Callimachi

985 1278 1039 1313 ita
1060 1279 1253 1326 exigeret,
1285 1280 1333 1314 H.
1367 1278 1408 1312 iu
1429 1277 1558 1325 Apoll.
1586 1284 1651 1319 55.

1060 1335 1185 1380 Φοίβῳ
1225 1331 1262 1369 δ’
1308 1333 1500 1380 ἑσπόμενοι
1548 1333 1678 1378 πόλιας
1736 1352 1738 1358 v

1308 1390 1600 1439 διεμετρήσανῖο.

988 1444 1144 1480 Placent
1176 1456 1301 1482 autem
1336 1446 1408 1481 fibi
1435 1445 1565 1494 plures
1587 1454 1680 1494 poe·-

991 1512 1048 1536 tae
1083 1503 1125 1536 in
1155 1502 1444 1550 comparatione
1478 1502 1548 1536 hac
1580 1503 1683 1538 inter

990 1569 1163 1593 veterem
1198 1557 1374 1593 locorum
1411 1559 1524 1593 situm
1557 1569 1594 1593 et
1622 1559 1682 1593 fu-

992 1625 1115 1649 turam
1162 1616 1308 1648 Romae
1352 1615 1681 1661 magnificentiam

993 1670 1288 1710 instituendam;
1317 1683 1386 1705 nec
1407 1671 1612 1718 quicquam
1635 1671 1682 1706 ad

993 1725 1214 1761 mirabilem
1237 1740 1367 1761 rerum
1395 1728 1555 1774 speciem
1577 1727 1682 1763 effin-

995 1783 1158 1829 gendam
1230 1784 1503 1831 opportunitls.
1582 1783 1683 1819 Vide

994 1839 1211 1887 principem
1245 1848 1426 1887 poetam,
1459 1840 1552 1875 Aen.
1574 1839 1682 1881 VIII,

995 1904 1086 1938 357.
1107 1896 1183 1943 sqq.
1216 1897 1387 1943 Propert.
1422 1897 1487 1931 IV.
1523 1896 1631 1945 Eleg.
1654 1898 1682 1932 Ι.

997 1951 1117 1987 ovid.
1150 1951 1240 1985 Fast.
1277 1954 1312 1991 Ι,
1351 1959 1441 2001 509.
1474 1953 1552 2000 sqq.
1596 1954 1684 1988 Car·
1733 1971 1736 1982 ,

995 2017 1145 2043 mentae
1167 2006 1379 2042 oraculum.
1407 2034 1409 2037 .
1441 2010 1566 2056 Atque
1591 2009 1686 2044 haec

996 2064 1081 2100 loca
1120 2074 1343 2111 comparent
1380 2064 1481 2098 inter
1511 2066 1565 2107 se,
1607 2066 1686 2100 [ua—
1733 2073 1735 2082 ¹

998 2121 1093 2162 deo,
1136 2120 1392 2168 generosioris
1422 2120 1565 2157 indolis
1596 2121 1687 2156 ado-

998 2177 1196 2216 lescentes,
1227 2188 1297 2211 nec
1327 2186 1476 2215 tamen,

998 2301 1244 2337 comparent,

996 2346 1181 2382 varietate
1203 2346 1304 2381 alant
1324 2355 1361 2380 et
1385 2345 1552 2381 excitent
1581 2358 1689 2379 men·

999 2413 1098 2442 tem;
1150 2415 1219 2438 nec
1267 2403 1369 2437 enim
1411 2400 1521 2436 aliter
1554 2398 1688 2446 aliqum·-

996 2459 1171 2498 τασὶωτος
1196 2458 1286 2493 fieri
1307 2457 1448 2506 aliquis
1468 2457 1600 2505 potest.

1059 2525 1122 2560 24.
1163 2513 1324 2563 consorti
1366 2534 1401 2540 ο·
1441 2515 1584 2556 Remo)
1639 2513 1686 2548 de

1001 2573 1115 2608 fratre
1157 2569 1436 2617 dixit‚1·egni
1473 2569 1601 2610 socio,
1645 2579 1689 2604 ut

1003 2628 1122 2667 ovid,
1146 2626 1568 2675 X1.Met.547..x111.
1592 2626 1685 2661 Met.

1508 2189 1550 2213 ut
1569 2176 1686 2213 verba
1731 2217 1734 2219 ι

999 2244 1148 2269 tantum
1200 2233 1302 2268 inter
1354 2234 1385 2266 se
1427 2244 1463 2267 et
1502 2232 1687 2269 formulas
1731 2258 1732 2272 ἢ

1208 1121 1389 1159 tanquam
1447 1111 1487 1145 in
1547 1109 1676 1156 aliqua
1737 1110 1739 1139 ἶ

1295 2302 1432 2324 vel'um
1479 2301 1521 2324 Ut
1556 2302 1687 2324 Tel'um
1731 2295 1733 2315 1

1729 2594 1732 2663 1
