1752 2974
487 155 623 195 LIB.
653 155 688 195 Ῑ.
748 156 951 197 ELEG.
986 155 1130 196 VIII.

1451 172 1532 202 101

87 271 153 319 At
177 273 354 320 Venus
379 272 617 320 inveniet
641 288 809 337 puero
832 270 1171 324 succumbere
1197 272 1402 333 furtim,
1455 289 1522 335 55

161 361 308 406 Dum
338 369 506 406 tumet
541 369 592 405 et
621 369 828 408 teneros
858 360 1080 409 conserit
1105 378 1272 425 usque
1295 361 1452 421 finus,

83 448 148 494 Et
181 445 303 493 dare
331 445 594 492 anhelanti
622 449 981 511 pugnantibus
1007 447 1231 497 humida
1254 449 1454 515 linguis

161 532 370 590 Oscula,
414 543 466 580 et
495 533 554 582 in
583 533 722 582 collo
754 532 919 600 figere
952 536 1107 584 dente
1132 546 1294 586 notas.

75 739 223 785 (quem
242 739 373 775 locum
399 741 446 775 ad
466 740 690 789 Augustum,
726 752 770 777 ut

76 795 221 830 scilicet
265 809 395 844 regem
417 823 426 837 ‚
485 796 584 832 male
634 798 770 834 retulit

77 850 326 887 Wielandius
356 867 393 901 p.
430 855 546 897 185.)
608 857 661 888 Ita
689 867 768 889 non

77 907 220 941 misum
243 921 379 943 vocem
403 908 511 943 illam
535 910 580 944 do
602 920 763 957 patrono

76 963 266 1011 usurpasse
287 974 447 1004 veteres,
477 977 518 1000 ut
539 966 763 1001 Iuvenalem

76 1020 117 1059 Ι,
146 1018 234 1061 156.
276 1021 333 1061 V,
361 1026 420 1068 14.
451 1023 516 1056 W.

133 1105 197 1140 35.
229 1097 281 1132 At
307 1098 428 1134 Venus
450 1098 633 1142 inveniet)
665 1099 765 1133 Cum

75 1153 248 1189 dixiffet:
289 1153 394 1188 hunc
422 1166 465 1189 tu
493 1155 536 1189 in
567 1153 767 1203 amplexus

73 1219 160 1244 tuos
180 1209 351 1257 recipere
373 1223 420 1245 ne
444 1211 591 1258 refuge,
627 1222 769 1258 oppor-

74 1265 243 1306 tunitas,
276 1265 403 1305 addit,
435 1266 631 1314 amplexui
662 1265 767 1300 haud

76 1321 210 1356 deerit.
282 1322 362 1370 Ipsa
416 1323 548 1359 Venus
600 1321 763 1370 parabit,

77 1376 352 1412 demonstrabit
383 1379 514 1419 viam,
547 1377 764 1426 suppedita-

75 1433 134 1468 bit
153 1431 282 1466 locum
295 1450 313 1473 ,·
336 1445 379 1468 ut
400 1434 512 1482 poffis
534 1446 700 1482 puerum
723 1433 764 1466 in

75 1488 274 1536 amplexus
303 1490 485 1539 accipere.
556 1489 618 1523 Sic
650 1490 764 1523 Grae-

75 1546 128 1579 cis
176 1543 302 1587 έὶιοεῖν.
375 1545 510 1581 lucido
547 1546 590 1579 in
630 1543 761 1578 locum

73 1601 107 1635 Ϊ
112 1600 239 1635 uciani
262 1601 307 1636 de
327 1602 479 1648 Pe1··.eg1
505 1615 566 1648 19.
596 1602 677 1636 τότε
698 1601 763 1645 μέν

71 1655 132 1693 ἐπι
156 1658 218 1692 τὸν
245 1658 318 1693 Δια
346 1670 391 1691 κα
396 1670 514 1704 ταφυ)
516 1657 580 1697 cin,
616 1653 694 1705 dos
721 1659 763 1693 τὸ

71 1723 120 1755 μη
155 1707 361 1744 ἀποθανεῖν
405 1706 425 1741 ὁ
472 1709 648 1755 γενιαῖος.
691 1709 761 1744 inf.

73 1779 112 1802 V.
150 1765 215 1808 56.
264 1765 352 1799 (lare
385 1763 541 1799 dicitur.
612 1766 762 1800 Tenen-

75 1822 167 1856 dum
199 1832 349 1860 autem,
408 1820 583 1855 Pholoen
619 1821 761 1857 elufiffe

74 1878 188 1925 pueri
220 1876 401 1911 desideria
425 1890 495 1923 per
526 1878 670 1911 causam
697 1891 762 1912 cu-

73 1933 237 1973 stodiae,
288 1946 361 1980 qua
395 1942 611 1973 teneretur,
663 1933 765 1969 conf.

73 1990 143 2024 inf.
174 2003 212 2024 v.
247 1996 297 2032 55
330 1989 407 2036 sqq.
477 1989 588 2024 Unde
622 1988 767 2024 iutelli-

75 2045 204 2092 gitur,
234 2043 344 2079 fuiffe
375 2055 412 2079 et
442 2045 561 2092 ipsam
589 2045 766 2080 Pholoen

74 2102 137 2135 seu
167 2099 389 2136 libertinam
418 2101 480 2134 seu
510 2102 768 2149 peregrinam,

77 2169 173 2203 quae
212 2156 352 2192 marito
391 2167 510 2204 nupta
544 2157 652 2197 esset,
704 2156 770 2191 cui

74 2212 305 2247 feminarum
329 2212 461 2258 generi
485 2223 569 2247 tuto
587 2212 769 2260 perleges

75 2280 232 2316 peccare
252 2265 405 2302 licebat.
426 2268 474 2302 H.
517 2268 623 2303 Adde
645 2267 765 2315 Soph-

76 2323 175 2359 Oed.
212 2324 257 2358 T.
294 2334 384 2357 120.

72 2379 206 2427 ἐξεύροι
225 2380 374 2425 μαθεῖν,
390 2381 459 2416 ubi
482 2381 655 2430 exempla
678 2393 769 2415 con·-

75 2437 182 2485 geffit
200 2439 422 2485 Musgrave.
452 2438 517 2472 W.

434 2323 471 2359 ἓν
495 2325 566 2373 γὰρ
594 2322 697 2360 πόλλ’
724 2322 767 2359 ἂν

133 2526 198 2571 56.
221 2528 317 2561 Dum
341 2526 471 2574 tumet)
496 2524 599 2572 ὀργᾷ,
621 2524 768 2573 σπαργᾷ

78 2583 124 2618 de
154 2582 361 2622 denda-im
396 2586 458 2626 (at
489 2582 593 2628 (ιῖὁζιν
622 2581 667 2616 de
700 2581 766 2620 ira,

78 2637 284 2679 fluctibus,
315 2639 572 2687 tempestate.)
603 2649 673 2672 nec
693 2647 769 2671 tam

82 2695 247 2742 turpiter
286 2694 434 2731 dictum
467 2694 676 2743 accipiam,
728 2703 772 2728 ut

1393 622 1526 672 Non

836 743 971 776 Horat.
1002 744 1053 775 Π.
1098 744 1173 777 Sat.
1207 752 1252 785 7,
1285 748 1348 789 49.
1407 742 1527 777 cauda

838 808 985 844 turgens
1017 799 1128 832 dixit.
1168 799 1219 832 H.
1292 799 1364 833 His
1396 798 1526 833 suffra-

837 854 920 900 gari
950 867 1114 901 nequeo.
1175 863 1289 889 tumet
1314 865 1442 889 notat:
1482 854 1526 887 in

833 920 972 956 vegeto
1002 908 1096 945 flore
1119 912 1250 945 aetatis
1273 911 1321 945 est
1345 910 1524 944 constitu-

831 976 915 1005 tus;
949 977 984 1000 et
1003 967 1187 1001 convenit
1209 968 1396 1002 Graecum
1418 978 1528 1013 σφρι-

830 1022 914 1067 γᾷν.
945 1022 1024 1056 vid.
1047 1022 1150 1057 Obff.
1211 1024 1314 1057 Huic
1333 1023 1524 1069 interpre-

834 1077 974 1111 tationi
1003 1078 1197 1124 sequentia
1231 1088 1372 1112 teneros
1403 1076 1526 1124 conse-

835 1133 884 1166 rit
902 1147 936 1167 u.
956 1131 990 1179 J}
1014 1134 1166 1179 egregie
1186 1134 1434 1168 concordant.
1456 1133 1524 1168 W.

893 1197 928 1222 et
948 1196 1089 1222 teneros
1109 1188 1264 1236 conserit
1284 1201 1394 1236 usque
1407 1187 1523 1237 finus)

833 1244 973 1279 Nescio
1009 1244 1104 1291 quid
1141 1244 1292 1279 obsceni
1320 1243 1386 1278 hic
1411 1256 1524 1290 quae-

833 1311 927 1335 runt
955 1302 1209 1348 Interpretes3
1250 1299 1318 1340 est,
1361 1299 1524 1340 coniunx·

831 1369 919 1402 gere
960 1367 1115 1403 pectora
1153 1370 1221 1404 per
1260 1366 1384 1390 arctos
1421 1367 1525 1389 com—

829 1411 992 1459 plexus,
1025 1412 1126 1446 unde
1160 1411 1336 1447 subiicit:
1370 1419 1405 1445 et
1435 1411 1524 1445 dare

832 1465 965 1514 oscula.
1036 1467 1139 1501 IIinc
1180 1470 1328 1513 iungere
1370 1475 1524 1513 pectora

829 1523 934 1569 saepe
957 1522 1002 1557 de
1024 1524 1174 1561 Venere
1199 1522 1318 1557 Ovid.
1342 1524 1392 1556 ΙΙ.
1427 1522 1525 1556 Met.

832 1577 925 1622 604.

887 1650 943 1660 ·—
994 1642 1030 1667 ec
1081 1633 1149 1668 illa
1183 1632 1254 1681 suo
1297 1635 1405 1667 toties
1445 1647 1523 1667 cum.

1128 1698 1274 1736 pectore
1303 1691 1436 1725 iuncta.

829 1745 944 1795 Epist.
965 1746 1061 1785 XV,
1095 1757 1185 1791 191.

884 1803 936 1839 Ac
967 1809 1105 1850 quanto
1146 1802 1270 1835 melius
1307 1803 1411 1848 iungi
1442 1814 1524 1837 mea

1054 1865 1204 1904 pectora
1240 1866 1365 1897 tecum,

945 1914 1065 1964 Quam
1097 1922 1270 1959 poterant
1292 1912 1397 1961 saxis
1417 1927 1524 1961 prae-

1060 1971 1252 2015 cipitanda
1276 1970 1383 2004 dari!

832 2023 994 2073 Miscere
1014 2034 1165 2072 pectora
1190 2025 1288 2060 dixit
1314 2025 1454 2060 Statius
1475 2028 1524 2059 ΙΙ.

837 2081 932 2116 Silv.
956 2083 994 2119 Ι,
1025 2081 1116 2115 206.
1147 2094 1283 2127 ponere
1306 2080 1424 2119 Catal,
1446 2092 1524 2116 vet.

836 2144 939 2187 poe't.
962 2150 999 2184 p.
1024 2141 1116 2179 204.
1149 2149 1186 2171 v.
1211 2137 1304 2173 Scal.
1416 2145 1421 2148 “

895 2194 1069 2244 Quaeque
1133 2193 1259 2239 puella
1324 2202 1385 2228 tuo
1448 2207 1526 2226 cum

1056 2259 1204 2299 pectore
1229 2258 1382 2296 pectora
1404 2251 1523 2296 ponit.

833 2305 942 2340 Idem
971 2303 1058 2339 vult
1087 2304 1234 2344 noster,
1271 2305 1377 2352 quod
1404 2304 1525 2340 Plaut.

834 2358 991 2397 Curcul.
1021 2361 1056 2399 1,
1083 2370 1126 2403 5,
1152 2369 1216 2403 52.
1263 2362 1380 2396 Viden
1403 2369 1441 2394 uc
1462 2361 1528 2394 mi-

827 2416 904 2467 seri
940 2416 1169 2451 moliuntur?
1211 2425 1395 2466 nequeunt
1431 2429 1527 2450 com-

832 2470 1066 2521 plectisatis.
1101 2474 1149 2506 H.
1200 2473 1382 2508 Ceterum
1402 2484 1437 2506 v.
1461 2480 1526 2513 37.

834 2527 902 2563 illa
923 2528 1107 2577 descripta
1128 2528 1211 2562 sunt
1235 2526 1381 2567 oscula,
1418 2540 1526 2574 quae,

837 2584 992 2620 Graecis
1027 2583 1369 2629 καταγλωττίσματα
1400 2582 1528 2631 appel·

836 2639 932 2680 lata,
964 2639 1046 2675 vid.
1077 2639 1188 2674 Arist-
1221 2639 1326 2673 Nub.
1356 2646 1422 2681 52.
1454 2639 1528 2673 ibi-

840 2710 914 2745 que
948 2695 1103 2736 Scl1ol.‚
1133 2695 1322 2733 Venerem
1343 2695 1529 2731 comitan-

1451 2762 1529 2791 tur,
