1752 2974
543 113 674 155 ΜΒ.
704 114 739 153 1.
800 115 1002 155 ELEG.
1031 115 1066 156 Ι.
1501 123 1528 168 5

161 231 355 280 Martia
393 230 482 279 cui
510 218 721 280 somnos
754 230 942 281 claffica
974 230 1125 298 pulsa
1155 232 1371 301 fugent:

83 461 214 497 attulit
232 460 296 497 vir
314 460 449 497 doetus
470 458 512 495 in
524 460 769 499 Bibliotheca

83 519 215 552 critica
246 520 284 553 P.
312 520 383 551 ΙΙΙ.
413 530 450 564 p.
474 516 538 552 66.
568 519 617 552 Η.
660 519 769 554 labor

81 589 103 608 α
134 575 448 609 aluus—terreat
466 572 504 608 h.
526 587 557 610 e,
581 586 766 617 exerceat,

46 621 48 623 v
81 631 312 665 coniunctus
340 642 427 664 cum
460 639 630 670 terrore,
662 630 766 666 hoste

34 685 225 737 laricino.
309 686 350 720 Si
385 685 576 733 cogitabis
620 686 764 723 milites

76 741 375 781 frumentatum,
409 753 613 789 aquatum,
642 742 763 790 ligna·

77 806 160 831 turn
181 799 312 834 miffos
335 798 380 833 ab
410 797 582 833 hostibus
605 797 762 833 affiden-

75 852 180 889 tibus
202 853 433 902 plerumque
456 855 589 889 vexari
619 864 656 890 et
680 865 760 889 tur-

75 908 179 951 bari,
220 924 299 958 quo
329 910 449 945 modo
488 910 595 946 labor
628 919 761 946 terrere

72 965 206 1013 poffit‚
260 980 339 1002 non
378 965 545 1014 amplius
587 979 756 1014 quaeres.

74 1021 224 1056 Similia
248 1023 383 1059 Graeci
416 1022 617 1061 dixerunt,
648 1020 759 1056 velut

72 1078 284 1126 Sophocles
320 1076 485 1112 Philoct.
519 1076 610 1121 864.
646 1078 758 1117 πόνος

70 1134 92 1171 ὁ
119 1139 167 1183 μή
202 1137 326 1182 φοβῶν
352 1134 556 1182 κράτιστος.
626 1135 755 1172 Verba

69 1209 229 1246 quem—
236 1203 369 1230 terreat
380 1206 466 1229 cum
478 1206 565 1241 pars
575 1192 662 1227 voti
672 1193 755 1232 sint,

67 1263 181 1300 atque
203 1265 222 1285 a
233 1261 328 1288 voto
341 1250 531 1299 pendeant
541 1249 617 1284 hoc
631 1248 753 1283 sensu:

69 1321 109 1344 ea
132 1307 239 1356 lege,
271 1319 315 1343 ut
347 1320 436 1342 eum
470 1316 630 1346 terreat,
662 1317 753 1340 con-

65 1364 234 1400 iunctivi
254 1364 444 1400 rationem
467 1363 625 1398 eandem
638 1372 754 1410 atque

67 1421 232 1470 optativi
256 1421 358 1470 apud
380 1422 598 1455 Homerum
620 1419 694 1454 Od.
715 1433 752 1462 α,

64 1483 131 1524 47.
151 1480 194 1521 θ,
209 1487 299 1525 259.
315 1477 385 1512 effe
398 1475 615 1525 perspicies.
640 1476 751 1512 Adde

65 1535 135 1571 inf.
165 1543 227 1580 15.
254 1533 316 1570 16.
352 1534 416 1569 W.

122 1656 158 1692 4.
190 1646 333 1698 claffica
367 1644 501 1694 pulsa)
539 1644 749 1694 Proprium

62 1720 104 1743 ac
133 1705 316 1741 sollemne
339 1703 386 1738 est
417 1716 544 1738 canere
570 1700 748 1751 claffieum

61 1774 127 1798 aut
149 1762 272 1809 flare,
305 1759 457 1806 inflare,
502 1758 749 1807 quandoqui-

61 1819 149 1855 dem
160 1817 224 1854 vel
245 1829 366 1852 cornu
385 1815 450 1850 vel
471 1815 563 1851 tuba
577 1815 640 1850 seu
654 1815 747 1851 buc-

61 1876 144 1911 cina
170 1873 271 1908 illud
303 1872 464 1908 canitur.
504 1873 554 1907 Et
583 1873 631 1906 fic
652 1873 746 1907 Pro-

57 1942 156 1981 pert.
179 1931 250 1970 III,
286 1938 322 1973 5,
352 1934 420 1974 4¹·
463 1930 563 1974 (111,
587 1938 623 1968 2,
654 1930 742 1974 ζμ.)

58 1987 127 2022 Nil
147 1985 280 2034 tibisic
305 1998 415 2021 rauco
437 1986 628 2032 praetoria
654 1984 743 2034 clas-

49 2042 131 2093 fica
142 2056 251 2078 cornu
265 2043 381 2077 Flare.
404 2051 440 2077 et
450 2040 591 2089 Virgil.
611 2041 677 2075 Ge.
691 2043 742 2082 11,

60 2105 151 2145 539.
200 2098 365 2133 Necdum
402 2099 513 2133 etiam
548 2097 745 2133 audierant:

58 2155 184 2201 inflari
223 2153 376 2204 claffica.
449 2153 575 2189 Facile
614 2165 742 2189 tamen

56 2209 271 2258 intelligas,
303 2210 446 2246 classica
464 2210 589 2257 flata,
621 2219 741 2251 canta,

58 2267 348 2314 dicerepoe‘tam
370 2280 448 2302 non
461 2265 648 2315 potuiss'e3
683 2267 742 2301 in-

57 2323 186 2358 cidiffe
208 2323 338 2369 itaque
358 2324 399 2358 in
419 2321 536 2371 pulsa,
557 2332 739 2371 tanquam

55 2377 153 2419 flata,
185 2378 336 2426 spiritus
357 2379 400 2414 vi
419 2378 595 2429 impulsa,
621 2378 666 2413 ad
681 2380 738 2415 so-

54 2447 126 2471 nos
149 2433 316 2471 edendos
334 2435 534 2475 concitata,
556 2446 598 2470 ut
617 2445 737 2470 trans-

55 2490 174 2526 latum
186 2492 229 2526 fit
250 2505 268 2525 a
288 2491 403 2539 pulsis
416 2491 620 2538 tympanis,
632 2504 738 2539 cym-
752 2500 758 2501 ⁷

54 2545 172 2588 balis,
203 2547 369 2583 crotalis.
430 2549 487 2582 Ita
504 2547 583 2582 fere
600 2547 736 2583 Graeci

55 2602 235 2638 tubarum
267 2602 466 2652 strepitum
498 2616 567 2652 per
601 2603 737 2640 κτύπον

55 2659 270 2707 exprimere
306 2660 481 2709 poffunt,
531 2669 568 2696 et
607 2660 737 2710 expri-

1430 329 1525 377 Me

836 474 960 504 munt,
990 476 1028 500 v,
1051 477 1080 499 c.
1104 463 1298 507 Plutarch,
1325 467 1368 504 in
1389 470 1519 506 Numa

833 533 872 568 p.
888 529 951 562 75.
966 521 1006 555 C.
1039 521 1110 556 Sed
1130 534 1169 555 v.
1183 521 1288 559 Obff.
1319 526 1402 560 Nec
1424 539 1519 562 vero

835 575 978 610 classiea
1010 575 1046 611 h.
1081 576 1105 611 l.
1137 578 1207 612 effe
1239 581 1395 628 poffunt
1429 581 1517 624 alia,

835 644 950 679 quam
972 645 1068 680 quae
1089 636 1292 680 repentino
1319 637 1437 673 hostis
1459 639 1518 674 in-

833 690 944 722 cursu
966 699 1031 723 aut
1051 689 1128 723 alio
1156 692 1332 737 periculo
1365 707 1406 729 ac
1432 697 1518 731 casu

830 744 975 780 milites
999 745 1044 779 ad
1066 758 1167 780 arma
1190 760 1343 784 vocant.
1399 752 1516 794 Nam,

831 801 937 847 quod
974 800 1091 842 olim,
1135 803 1381 841 Broukhufio
1415 807 1519 844 obse-

829 867 988 903 qimtus,
1011 858 1204 905 putabam,
1228 860 1274 895 de
1297 873 1410 898 cantu
1423 863 1518 900 buc-

828 912 945 953 cinae,
969 914 1020 955 adr
1038 927 1152 962 quem
1172 916 1340 964 singulae
1359 930 1518 956 noctur-

825 982 894 1003 nae
919 970 1079 1018 vigiliae
1112 972 1412 1016 ordinabantur,
1443 978 1515 1012 vix

825 1023 922 1059 bene
952 1026 1045 1061 haec
1076 1028 1343 1075 accipiuntur,
1377 1045 1513 1079 quum,

825 1080 933 1126 quod
958 1083 1133 1128 apposuit
1151 1091 1278 1130 poeta,
1305 1087 1425 1122 vicino
1446 1088 1513 1125 Ῐιο-

813 1132 894 1182 ste,
925 1136 1009 1172 satis
1036 1137 1212 1179 declaret,
1244 1140 1291 1174 ad
1316 1143 1513 1189 periculo·

823 1192 857 1226 sa
889 1202 1060 1241 tempora
1091 1204 1128 1229 et
1156 1205 1322 1232 terrores
1342 1202 1510 1247 repenti-

823 1261 894 1284 nos
915 1263 963 1284 ex
973 1250 1138 1285 hostium
1159 1253 1300 1288 access'u
1320 1253 1414 1291 haec
1430 1257 1510 1306 spe-

823 1316 936 1343 ctare.
975 1307 1251 1355 Interpellatur
1270 1309 1332 1346 his
1353 1312 1510 1351 somnus

820 1373 887 1398 aut
908 1377 988 1399 nox
1007 1363 1193 1401 insomnis
1215 1366 1397 1414 exigitur.
1440 1373 1510 1408 So-

820 1417 901 1455 lent
921 1432 1040 1468 porro
1060 1428 1197 1468 poetae
1224 1422 1321 1459 belli
1349 1436 1415 1461 aut
1434 1429 1507 1464 mi-

818 1473 926 1512 litiae
948 1489 1147 1512 aerumnas
1169 1489 1234 1514 aut
1256 1489 1421 1519 terrores
1437 1499 1507 1533 per

819 1530 972 1568 somnos
1003 1531 1151 1568 claffico
1177 1534 1418 1585 interruptos
1440 1541 1504 1578 de-

821 1585 961 1623 clarare
976 1602 986 1629 ;
1020 1599 1066 1623 ut
1082 1589 1124 1623 in
1142 1601 1238 1626 noto
1261 1590 1333 1628 illo
1346 1595 1503 1635 Horatii

817 1643 865 1680 V.
888 1645 1014 1680 carm.
1035 1653 1081 1684 2,
1104 1653 1141 1689 5.
1173 1647 1302 1696 Neque
1322 1653 1502 1690 excitatur

814 1698 955 1750 claffico
988 1701 1091 1736 miles
1118 1705 1220 1738 truci.
1259 1705 1404 1743 Lucan.
1432 1711 1501 1752 IV,

816 1763 909 1804 594.
959 1757 1049 1793 Non
1081 1759 1227 1806 praelia
1255 1759 1375 1810 feffos
1415 1766 1501 1802 Ulla

813 1821 960 1855 vocant,
992 1823 1109 1850 certos
1128 1828 1203 1850 non
1221 1829 1394 1864 rumpunt
1411 1822 1502 1871 clas-

805 1868 887 1918 sica
898 1869 1062 1919 somnos.
1093 1870 1211 1908 Silius
1234 1872 1318 1909 Ital.
1331 1876 1417 1917 XV,
1431 1883 1498 1924 48.

812 1928 924 1962 Haud
944 1941 1101 1975 unquam
1126 1930 1292 1975 trepidos
1312 1930 1504 1982 abrumpet

810 1983 959 2019 buccina
973 1983 1138 2032 somnos.
1175 1985 1291 2032 Quod
1304 1986 1500 2025 adiectum

809 2040 875 2075 hic
897 2041 1061 2089 trepidos
1079 2041 1188 2077 vides
1202 2067 1212 2081 ,
1239 2042 1280 2076 id
1301 2042 1427 2091 ipsum
1449 2060 1494 2082 eo

811 2096 940 2137 ducit,
980 2107 1025 2133 ut
1053 2098 1101 2132 ad
1137 2108 1302 2135 terrores
1338 2100 1494 2138 hostiles

807 2153 1054 2188 referendum
1101 2155 1260 2191 censeas.
1345 2156 1497 2193 Auctor

804 2208 1163 2247 Astronomicorum
1216 2211 1259 2246 in
1313 2212 1494 2249 catalect.

805 2265 944 2314 Scalig.
975 2280 1015 2316 p.
1044 2277 1137 2315 239.
1189 2267 1378 2312 (Anthol.
1408 2270 1493 2306 Lat.

804 2321 877 2357 To.
899 2324 949 2358 II.
968 2336 1007 2371 p.
1022 2325 1133 2369 526.)
1164 2321 1308 2372 claffica
1332 2324 1490 2360 turbant.

804 2388 842 2414 et
862 2379 964 2428 apud
984 2380 1166 2429 Calpurn.
1187 2382 1252 2420 IV,
1282 2389 1373 2423 15¹·
1405 2381 1491 2415 sunt

803 2434 945 2485 claffica
960 2437 1121 2472 turbida.
1178 2435 1356 2471 Eundem
1370 2445 1492 2470 terro·

800 2504 883 2527 rem
907 2505 955 2528 ex
977 2492 1124 2529 claffico
1138 2492 1201 2528 seu
1223 2492 1314 2526 tuba
1332 2500 1489 2538 repente

802 2548 931 2584 audita
950 2549 1128 2596 intellige
1154 2548 1257 2598 apud
1276 2547 1488 2582 Auctorem

800 2605 939 2653 Paneg.
960 2606 1004 2641 in
1024 2605 1149 2642 Pison.
1177 2617 1217 2641 v.
1240 2611 1329 2651 229.

1343 2734 1401 2744 —
1427 2728 1491 2750 mv(>

882 2718 972 2755 Aa
