1752 2974
89 1978 92 1983 .
141 1947 220 1984 tiis.

550 133 662 169 LIB.
704 127 782 166 IV.

859 124 1046 162 CARM.
1085 125 1146 159 ΙΙ.

1504 120 1584 161 253

558 236 1026 289 CARMEN
1089 238 1170 280 11.

140 317 387 402 Sulpicia
409 338 482 387 est
505 338 602 385 tibi
617 337 752 385 culta
769 337 891 393 tuis,
916 338 1061 384 Mars
1082 348 1286 397 magne,
1310 329 1586 386 Kal.endis;

218 426 514 491 Spectatum
539 441 567 471 e
596 425 765 482 caelo,
805 423 861 471 >fi
894 422 1045 488 sapis,
1085 419 1194 486 ipse
1224 420 1365 468 veni.

139 513 255 559 Hoc
279 515 454 559 Venus
485 510 741 576 ignoscet5
796 522 846 572 at
873 522 960 568 tu,
1010 510 1273 565 violente,
1313 515 1511 563 caveto,

216 599 302 646 Ne
331 598 428 646 tibi
457 599 672 646 miranti
706 600 934 664 turpiter
968 614 1107 645 arma
1138 595 1337 645 cadant.

137 685 288 733 Illius
320 701 382 732 ex
414 687 606 744 oculis,
656 704 826 750 quum
861 687 980 734 vult
1014 699 1232 733 exurere
1264 681 1440 739 divos,
1555 690 1584 736 5

210 773 464 821 Accendit
494 775 727 839 geminas
759 772 1024 841 lampadas
1058 788 1173 820 acer
1209 771 1388 819 Amor.

341 993 551 1029 Carmen
582 994 634 1029 11.

200 1050 243 1083 In
273 1048 484 1096 Sulpiciam
512 1049 701 1084 Kalendas
730 1049 833 1084 Mar-

142 1103 214 1140 tias
263 1104 518 1140 celebrantem
560 1106 744 1154 scriPtum
786 1105 834 1139 est

142 1172 319 1199 carmen,
351 1161 470 1208 quod,
502 1162 530 1195 si
550 1162 687 1195 miram
710 1174 832 1196 venu-

128 1215 271 1251 ¹statem
301 1229 388 1251 cum
421 1217 636 1252 urbanitate
659 1218 833 1251 Romana

138 1271 352 1320 nativoque
377 1273 564 1307 orationis
586 1273 718 1321 lepore
742 1285 833 1308 con-

138 1326 312 1362 iunctam
354 1328 511 1376 cogito,
571 1329 674 1364 inter
703 1328 834 1375 elegos

137 1383 300 1419 Latinos
347 1384 675 1432 praestantiffimos
724 1384 836 1419 facile

141 1439 260 1474 hosce
301 1439 499 1476 habendos
542 1441 612 1476 effe
654 1440 835 1475 arbitror.

143 1494 368 1531 Occurrunt
386 1508 506 1543 porro
528 1498 568 1531 in
591 1509 635 1531 eo
654 1497 834 1531 notiones

143 1552 412 1599 exquisitiores
438 1562 475 1587 et
510 1553 726 1592 doctiores,
769 1552 836 1586 sci-

140 1606 234 1642 licet
265 1607 416 1648 decori,
439 1650 441 1652 Ι
465 1609 528 1653 τῆς
547 1606 719 1656 χάριτος,
766 1608 836 1643 vix

142 1663 239 1699 alibi
259 1664 411 1700 obviae.
470 1666 582 1700 Certe
601 1666 642 1699 in
661 1664 738 1699 hoc
758 1676 834 1698 car·

138 1732 230 1756 men
252 1733 450 1768 nunquam
472 1721 618 1759 incidi,
650 1721 745 1768 quin
766 1733 836 1755 no-

138 1789 251 1816 vam,
294 1789 454 1824 eamque
486 1777 626 1811 miram
655 1775 836 1825 volupta-

140 1845 218 1870 tem
242 1845 289 1868 ex
309 1845 354 1868 eo
379 1846 634 1882 perciperem.

206 1903 236 1924 ι.
279 1892 352 1924 tuis
379 1909 436 1917 -—
467 1890 679 1937 Kalendis)
730 1890 833 1924 Mar-

297 1947 370 1981 Eas
409 1956 536 1981 autern
573 1946 765 1981 uxoribus
800 1956 836 1980 et

136 2001 283 2054 ‘puellis
310 2002 427 2038 sacras
468 2002 650 2050 festasque
685 2001 835 2037 habitas

143 2059 274 2099 fuisse,
305 2058 386 2108 sup.
406 2061 471 2099 ΙΙΙ,
497 2072 530 2094 ι.
562 2059 751 2094 vidimus.

202 2126 238 2151 2.
274 2113 312 2164 si
337 2111 470 2166 sapis)
510 2115 539 2149 si
573 2115 766 2150 iudicium
802 2125 838 2150 et

142 2173 287 2209 sensum
317 2171 528 2219 elegantiae
553 2170 682 2206 habes.
744 2173 836 2206 Pro-

141 2239 239 2279 pert.
262 2229 329 2267 IV,
352 2227 388 2268 6,
413 2234 476 2272 83.

232 2284 378 2325 Gaude,
409 2282 541 2333 Craffe,
570 2281 738 2332 nigrassi
749 2283 837 2332 quid

423 2338 531 2390 sapis
555 2342 646 2375 inter
666 2353 807 2376 arenas.

142 2398 182 2435 h.
203 2398 231 2433 si
250 2397 395 2433 sensum
415 2395 542 2432 habes.
572 2398 622 2432 H.
683 2397 723 2430 Si
733 2395 838 2444 sapis

142 2454 184 2490 h.
213 2469 244 2490 e.
274 2455 303 2489 si
333 2452 405 2488 tibi
433 2452 634 2502 prospicis.
696 2451 836 2487 Catuli.

144 2519 212 2555 55»
244 2522 304 2555 7⁸²

232 2568 375 2619 Quare,
409 2564 614 2615 fisapiet,
646 2566 744 2600 viam
775 2577 839 2600 vo·

422 2623 530 2661 rabit,

145 2678 186 2715 h.
206 2692 237 2715 e.
255 2679 284 2714 si
303 2679 418 2716 rebus
438 2679 511 2714 suis
530 2678 750 2728 prospiciet.
772 2676 839 2715 W.

1423 855 1590 912 Illam,

958 1002 996 1036 3.
1028 993 1109 1028 Hoc
1138 991 1259 1027 Venus
1290 986 1468 1037 ignoscet)
1498 997 1591 1034 pro·

900 1060 985 1098 pter
1025 1051 1211 1084 summam
1256 1044 1407 1096 puellae
1444 1042 1592 1092 pulcri·

1503 1108 1524 1119 μ.

900 1106 1091 1141 tudinem.
1137 1106 1312 1151 Propert.
1335 1102 1383 1140 II,
1410 1110 1476 1141 21,
1502 1118 1538 1142 0·
1573 1110 1592 1131 a
1661 1125 1666 1127 Δ

900 1161 1077 1196 Broulzh.
1108 1159 1308 1198 laudatus,
1365 1156 1411 1190 ad
1442 1157 1593 1195 Iovem,

903 1228 946 1253 ut
966 1215 1116 1266 puellae
1139 1213 1353 1262 aegrotanti
1377 1213 1592 1246 succurrat:

986 1285 1068 1319 Hoc
1098 1282 1165 1318 tibi
1192 1282 1251 1317 vel
1289 1280 1427 1327 poterit
1463 1279 1596 1313 coniux

1192 1336 1378 1386 ignoscere
1403 1336 1507 1370 Iuno.

960 1446 999 1486 4.
1043 1440 1102 1475 Ne
1142 1438 1210 1474 tibi
1249 1437 1401 1471 miranti
1441 1434 1502 1480 ε.)
1539 1438 1595 1470 Ita.

903 1497 1008 1545 saepe
1029 1503 1166 1544 poetae
1190 1494 1236 1529 de
1261 1493 1337 1539 iiS,
1368 1492 1437 1540 qui
1458 1504 1596 1538 magna

897 1553 1110 1587 'miratione
1137 1548 1305 1601 perculsi
1333 1549 1430 1584 funt.
1503 1549 1595 1582 Pro-

903 1619 1001 1658 pert.
1027 1610 1092 1648 IV,
1115 1614 1153 1654 4,
1179 1617 1246 1642 21.

992 1683 1192 1735 Obstupuit
1221 1686 1320 1731 regis
1343 1680 1446 1730 facie
1477 1693 1512 1717 et
1542 1696 1596 1718 re·

1182 1741 1328 1790 galilms
1357 1741 1482 1781 armis,

1050 1811 1218 1859 Interque
1268 1807 1403 1844 oblitas
1461 1807 1599 1842 excidit:

1191 1879 1283 1900 urna
1315 1877 1454 1899 „lanus-

902 1947 986 1985 Alia
1006 1943 1184 1994 exempla
1204 1941 1378 1992 Vulpius
1401 1941 1598 1991 congessit.

901 2003 1068 2052 Propior
1095 2002 1142 2036 ad
1167 2001 1207 2037 h.
1230 1999 1255 2037 l.
1288 1999 1443 2047 spiritus
1476 1998 1525 2033 est
1554 1999 1598 2051 in

903 2063 1058 2096 Petron.
1088 2071 1120 2094 c.
1145 2056 1234 2092 126.
1260 2065 1356 2091 extr.
1384 2056 1435 2088 H.
1498 2054 1600 2091 Vide

905 2116 1020 2152 etiam
1045 2128 1140 2163 quae
1160 2110 1317 2148 Phoebo
1339 2110 1492 2159 stupore
1513 2105 1600 2159 per·—

905 2171 1008 2208 culto
1030 2170 1256 2209 evenerint,
1288 2166 1408 2203 Ovid.
1433 2167 1526 2202 Met.
1546 2166 1598 2208 ΙΙ,

906 2229 999 2264 601..
1060 2226 1244 2262 Excidere
1268 2224 1310 2258 in
1331 2223 1403 2258 hac
1424 2235 1466 2257 re
1486 2222 1599 2257 usita-

904 2285 982 2321 tius
1013 2296 1130 2333 quam
1159 2282 1298 2317 cadere.
1329 2280 1397 2316 W.

962 2403 999 2440 5.
1029 2396 1132 2431 Illius
1154 2406 1199 2431 ex
1228 2392 1371 2442 oculis)
1401 2393 1489 2428 Hoc
1511 2395 1597 2426 acu}

901 2465 991 2487 men
1022 2451 1172 2500 placere
1193 2459 1349 2500 poterat·
1364 2447 1433 2483 illa
1464 2458 1598 2488 aetate.

906 2522 981 2557 qua
1000 2508 1176 2544 nondum
1193 2505 1368 2554 vulgaris
1388 2505 1473 2539 usus
1494 2497 1598 2554 111υᾷ

906 2564 1115 2600 obtudiffet
1153 2575 1224 2600 nec
1261 2563 1303 2597 in
1353 2562 1598 2608 contemtum

905 2619 1131 2657 adduxiffet.
