1752 2974
170 66 220 93 10
733 54 1033 94 ADDENDA

166 169 228 218 gio
259 167 461 219 epistolare
493 166 603 220 sopra
633 169 669 206 la
702 169 905 220 tipografia
934 169 996 205 del
1026 167 1149 205 Friuli
1175 167 1238 204 nel
1266 164 1391 204 secolo
1415 166 1500 206 XV.
1529 166 1594 204 del

164 245 276 273 conte
306 239 477 273 Antonio
508 238 710 275 Bartolini.
754 240 798 273 In
829 238 970 274 Udine.
1007 237 1126 286 1798.
1161 235 1199 271 4.
1228 237 1315 284 maj.
1373 237 1482 272 Hanc
1506 236 1595 271 edi-

165 305 335 351 tionem,
366 319 383 341 a
415 306 629 342 Bartolinio
661 312 942 354 comparatam,
973 303 1278 339 Bartolinianam
1309 312 1418 339 vocat
1447 301 1594 339 Morel-

164 371 253 408 lius.
314 372 390 408 Nos
417 381 543 409 autem
575 386 619 408 cx
650 385 714 419 ea,
748 385 862 421 quam
894 371 950 407 ibi
981 370 1088 407 dedit
1116 371 1334 416 Morellius,
1364 370 1478 407 huius
1500 369 1603 406 libri-

164 438 444 489 descriptione,
476 453 571 488 quae
602 439 651 475 ad
682 438 855 475 nostrum
884 438 1002 475 finem
1029 439 1224 487 pertinere
1254 439 1494 480 videbantur,
1525 451 1594 473 ex—

162 518 340 557 cerpere,
373 515 407 543 ct
429 507 467 542 in
492 508 669 543 Latinum
702 505 915 542 sermonem
939 502 1122 542 conversa
1150 504 1224 541 huc
1251 506 1459 542 transferre
1489 503 1595 540 haud

161 575 330 611 alienum
360 575 594 623 putavimus.
664 574 834 610 Primum
866 574 983 622 igitur
1012 571 1157 608 librum
1186 573 1492 609 Bartolinianum
1522 572 1594 608 de-

161 642 249 677 finit
279 641 477 677 morellius
508 643 548 678 in
581 642 620 678 4.
653 642 826 687 minore,
865 640 1082 677 charactere
1112 639 1303 685 rotundo,
1333 637 1409 677 fine
1440 648 1594 690 tempo-

160 710 237 756 ris,
290 709 365 745 loci
406 718 470 746 aut
506 709 740 760 typographi
779 708 947 753 indicio,
1007 720 1167 755 eumque
1208 705 1407 755 distinguit
1444 708 1491 743 ab
1531 707 1591 754 iis,

160 791 255 826 quos
285 777 400 813 modo
432 778 840 823 commemoravimus,
881 775 1042 824 aliisque
1072 774 1198 812 libris.
1269 775 1379 810 Tunc
1407 773 1502 810 haec
1530 772 1594 811 se-

159 846 292 894 quitur
322 843 554 895 descriptio:
592 846 680 891 „Ut
709 846 809 882 bene
840 840 1090 893 cognoscatur
1119 842 1260 889 editio,
1292 855 1387 892 quae
1416 854 1520 877 nunc
1549 841 1590 878 in

156 912 280 950 lucem
313 921 507 962 protracta
535 912 611 960 est,
657 912 988 963 distinguaturque
1018 910 1067 948 ab
1101 909 1284 960 reliquis,
1330 909 1424 946 haec
1454 906 1591 947 obser-

155 994 246 1019 vare
277 980 437 1019 iuvabit.
500 982 738 1036 Principium
769 980 841 1019 est:

402 1051 585 1087 ALBIUS
616 1050 867 1087 TIBULLUS
897 1048 1066 1096 EQUES
1098 1046 1171 1084 ΒΟ
1203 1061 1228 1083 x
1256 1046 1284 1083 P
1312 1059 1337 1083 x

327 1119 461 1155 Initias
492 1119 590 1155 alius
623 1119 731 1155 fuluo
765 1118 840 1155 sibi
872 1118 1027 1166 (sigerat
1054 1128 1148 1151 auro

327 1187 376 1221 Et
406 1195 533 1223 teneat
562 1187 656 1223 culti
687 1188 816 1235 iugera
848 1198 984 1234 magna
1013 1181 1085 1219 soli
1116 1196 1139 1217 x

154 1255 356 1302 Poemata,
405 1263 592 1304 quantum
631 1255 679 1290 ad
720 1266 923 1290 numerum
963 1259 1000 1287 et
1040 1247 1265 1285 ‹livifionem
1300 1246 1458 1292 attinet,
1510 1246 1587 1282 iam

155 1321 267 1368 sunt,
298 1330 339 1358 ut
370 1322 409 1357 in
441 1323 637 1358 veteribus
668 1320 905 1358 editionibus
935 1316 1012 1353 fine
1042 1315 1348 1361 commentariis,
1385 1312 1456 1350 nisi
1484 1314 1609 1364 quodiv

156 1391 197 1426 in
229 1398 305 1426 tres
334 1390 455 1425 libros
486 1387 575 1425 sunt
600 1387 745 1435 divisa,
796 1395 836 1424 ut
866 1386 905 1421 in
938 1384 1106 1421 editione
1138 1398 1158 1419 a
1187 1384 1228 1418 P.
1255 1381 1476 1418 Audiffredi
1505 1395 1588 1418 me·-

153 1467 300 1495 morata
329 1455 461 1507 (quam
482 1469 554 1492 nos
578 1454 746 1493 secundo
776 1453 975 1506 posuimus
1002 1447 1105 1503 loco)
1135 1464 1218 1487 cum
1249 1449 1438 1486 librorum
1467 1446 1587 1498 figni-

152 1526 335 1563 ficatione
362 1525 503 1562 litteris
526 1524 746 1561 maiusculis
775 1520 959 1574 expressa.
1018 1522 1186 1568 Quartus
1215 1517 1332 1553 habet
1358 1515 1586 1567 inscriptio-

152 1608 241 1632 nem
281 1592 501 1631 maiusculis
543 1593 645 1629 idem
681 1592 822 1628 litteris
863 1587 1070 1640 expreffam
1102 1588 1172 1624 AD
1203 1585 1477 1623 MESSALAM
1505 1583 1585 1622 fine

152 1661 247 1699 libri
279 1660 570 1712 significatione.
638 1658 917 1710 Inscriptiones
947 1656 1061 1693 modo
1092 1653 1252 1700 adsunt,
1291 1653 1405 1690 modo
1435 1650 1585 1689 defide-

153 1739 309 1777 rantur,
362 1731 529 1779 itemque
567 1729 716 1765 litterae
749 1726 938 1774 initiale53
989 1738 1084 1775 quae
1123 1722 1277 1773 quando
1317 1722 1582 1767 inveniuntur,

152 1797 371 1835 charactere
402 1795 492 1834 sunt
522 1796 761 1841 minusculo,
813 1810 857 1832 eo
888 1791 1045 1832 confilio
1074 1790 1238 1843 positae,
1279 1798 1321 1826 ut
1348 1789 1582 1826 maiusculae

151 1867 243 1903 inde
273 1866 410 1903 fierent
438 1865 632 1901 coloribus
673 1863 887 1900 distinctae.
961 1861 1167 1899 Character
1199 1858 1386 1896 rotundus
1424 1857 1582 1907 quidem

150 1933 228 1981 est,
261 1932 325 1971 sed
348 1934 464 1985 paulo
492 1933 646 1979 rudior,
678 1945 912 1982 magnaeque
932 1930 1098 1976 formae,
1131 1929 1182 1965 ita
1213 1937 1255 1964 ut
1285 1928 1431 1976 integra
1459 1939 1580 1975 quae-

150 2016 224 2052 que
263 2003 403 2052 pagina
443 2002 671 2053 plerumque
709 2001 849 2051 viginti
885 2006 1048 2049 quatuor
1086 2004 1235 2034 tantum
1273 1995 1395 2031 lineas
1423 1993 1576 2034 habeat.

149 2071 294 2107 Lineae
333 2068 422 2107 sunt
452 2069 696 2119 inaequales,
744 2069 973 2120 paginarum
1005 2065 1139 2103 formis
1168 2063 1209 2099 in
1238 2061 1348 2112 prelo
1377 2076 1457 2099 non
1486 2061 1578 2099 satis

150 2137 392 2186 constrictis,
430 2147 628 2187 ceteraque
659 2138 788 2174 omnia
817 2143 1027 2187 apparent,
1071 2145 1167 2183 quae
1198 2144 1274 2166 una
1305 2143 1391 2167 cum
1419 2130 1480 2167 his
1508 2144 1580 2167 ve·-

149 2205 299 2243 tustatis
330 2206 486 2242 indiciis
514 2206 554 2241 in
585 2205 720 2251 libris,
759 2205 891 2242 eadem
922 2211 1041 2240 aetate
1071 2198 1278 2250 impreffis‚
1315 2198 1482 2236 inveniri
1512 2194 1578 2234 so-

147 2275 242 2312 lent.
312 2274 513 2324 Singulare
545 2272 619 2320 est,
670 2273 775 2323 quod
812 2273 885 2309 alia
918 2268 1178 2307 distinctionis
1214 2265 1317 2316 figna
1355 2279 1434 2301 non
1465 2279 1580 2315 repe-

146 2343 327 2389 riuntur,
373 2350 526 2392 praeter
554 2341 734 2392 parvulas
764 2341 894 2378 literas
924 2353 969 2384 Χ,
1015 2345 1092 2373 tam
1131 2349 1206 2386 pro
1241 2333 1414 2384 virgula,
1464 2346 1576 2383 quam

146 2424 220 2462 pro
252 2419 396 2462 puncto
424 2408 584 2461 positas:
631 2423 743 2460 quam
772 2423 876 2455 rem,
926 2414 1109 2456 quantum
1141 2402 1312 2448 nemini,
1365 2402 1458 2438 alibi
1495 2414 1576 2437 non

147 2478 417 2516 animadverti.
479 2479 581 2515 Haec
609 2479 739 2515 omnia
767 2476 869 2513 nihil
890 2474 1018 2512 valent
1038 2472 1087 2509 ad
1107 2468 1412 2520 cognoscendum
1433 2470 1573 2516 locum,

146 2546 433 2601 typographum
463 2555 527 2584 aut
558 2547 808 2599 impressionis
838 2556 1001 2582 annum:
1040 2542 1123 2585 vix,
1154 2551 1272 2589 quum
1291 2537 1424 2574 Italica
1454 2537 1574 2574 editio

1533 2602 1578 2640 sit
