1752 2974
553 155 662 191 LIB.
704 152 763 189 ΙΙ.

824 150 1001 187 ELEG.
1038 152 1069 185 I.

1452 149 1531 200 159

168 273 270 321 Hei
281 271 430 328 mihi,
445 286 602 334 quam
616 267 791 315 doctas
801 283 943 314 nunc
953 263 1108 311 habet
1118 263 1209 310 ille
1222 277 1406 308 manus
1421 259 1432 305 !
1457 274 1486 319 7
1496 276 1527 307 o

94 359 209 408 Nec
239 358 481 423 pecudes,
519 355 671 402 velut
692 364 824 409 ante,
863 353 995 418 petit
1007 369 1019 408 3
1060 346 1226 396 fixisse
1253 348 1456 414 puellas

165 445 352 502 Gestit‚
391 454 441 491 et
471 441 688 489 audaces
718 435 1071 507 perdomuiffe
1095 437 1250 483 viros.

95 533 198 582 Hic
234 531 419 580 iuveni
456 529 675 577 detraxit
709 544 866 594 opes3
915 527 1002 574 hic
1035 524 1207 571 dicere
1240 518 1382 569 iuffit

169 621 358 668 Limen
388 616 452 664 ad
477 618 633 664 iratae
661 617 818 663 verba
848 611 1098 679 pudenda
1124 608 1314 657 senem.

96 710 211 755 Hoc
226 706 376 762 duce,
403 703 643 752 custodes
661 703 844 751 furtim
866 695 1165 767 transgressa
1184 698 1423 753 iacentes,
1464 704 1530 756 75

175 792 257 841 Ad
280 794 532 840 iuvenem
565 791 790 838 tenebris
817 788 922 837 sola
946 789 1122 854 puella
1146 786 1309 841 venit,

98 884 165 930 Et
185 880 411 945 pedibus
434 889 721 944 praetentat
749 879 873 934 iter,
913 873 1148 941 suspensa
1177 876 1383 929 timore,

178 968 429 1031 Explorat
455 983 623 1013 caecas
647 967 734 1014 cui
766 981 953 1014 manus
988 973 1103 1013 ante
1137 963 1259 1010 vias.

102 1055 183 1105 Ah
209 1053 406 1110 miseri,
441 1070 573 1117 quos
598 1053 684 1099 hic
712 1054 937 1116 graviter
962 1051 1091 1098 deus
1114 1047 1291 1113 urget!
1333 1057 1382 1094 at
1410 1046 1502 1095 ille

177 1142 350 1198 Felix,
395 1142 483 1189 cui
517 1139 751 1204 placidus
781 1138 969 1190 leniter
1001 1135 1136 1185 afflat
1167 1133 1352 1184 Amor!

163 1358 228 1391 72.
259 1348 527 1399 perdomuz'ſj‘e)
566 1348 605 1383 h.
645 1347 669 1383 l.
715 1347 792 1382 telo

107 1406 302 1446 traiicere3
336 1407 396 1440 sed
426 1408 470 1441 ab
495 1407 654 1444 effectu,
689 1404 793 1451 qnod

109 1461 187 1496 telo
220 1463 399 1496 transfixa
430 1462 666 1500 sternuntur,
707 1460 793 1494 vin-

109 1529 272 1557 cuntur,
303 1517 498 1563 δαμᾶσθαι
526 1517 656 1553 solent.

168 1580 231 1619 74.
263 1574 408 1622 iratae)
437 1573 606 1609 absolute
629 1574 794 1621 positum

110 1643 205 1678 pro:
237 1632 352 1665 iratae
375 1629 537 1679 puellae.
571 1629 616 1664 cf.
639 1640 720 1663 not.
751 1629 795 1663 ad

111 1688 141 1725 Ϊ,
165 1694 201 1729 8,
228 1695 291 1730 5¹·
323 1687 372 1719 H.
429 1687 563 1721 Limen
596 1685 644 1719 ad
667 1687 797 1719 iratae.

111 1742 292 1778 Notanda
321 1742 487 1789 positura
508 1741 800 1789 praepositionis

113 1798 175 1833 ad.
235 1798 385 1833 Similia
426 1798 597 1845 exempla
634 1796 715 1832 vid.
757 1796 802 1830 ad

113 1854 224 1901 Virg.
253 1856 345 1889 Aen.
378 1856 442 1894 IV,
485 1862 575 1897 257.
619 1852 802 1899 congesta.

115 1910 248 1946 Paullo
280 1921 364 1946 ante
392 1924 430 1945 v.
454 1920 518 1951 71.
546 1907 674 1957 fhriffe
705 1909 803 1957 posi-

118 1977 202 2001 tum
225 1980 310 2002 cum
332 1968 374 2001 vi
396 1979 467 2015 pro
481 1965 550 2015 sed
563 1963 700 2013 fixisse.
734 1966 800 2000 W.

176 2031 240 2066 75.
269 2024 319 2071 sq.
346 2023 481 2058 Suavis
495 2034 530 2057 et
548 2023 637 2056 haec.
659 2034 804 2055 memo-

119 2079 239 2114 ratio:
274 2082 388 2113 Amor
407 2080 448 2112 in
472 2079 673 2125 caliginosa
694 2088 805 2111 nocte

120 2135 201 2168 dux
230 2134 378 2182 puellae
408 2134 663 2170 meticulosae.
723 2133 805 2168 Nec

119 2203 215 2225 vero
237 2191 524 2238 accipiendum,
557 2191 661 2237 quasi
682 2204 721 2225 ea
740 2202 808 2236 per

122 2246 206 2281 vias
238 2247 283 2280 ad
306 2247 493 2281 iuvenum
520 2247 628 2281 aedes
650 2245 809 2294 perduci

122 2304 158 2338 [e
180 2303 366 2349 patiatur:
399 2304 479 2342 sed,
511 2314 554 2338 ut
579 2303 685 2349 supra
711 2301 809 2336 vidi-

124 2372 212 2393 mus
231 2358 298 2393 lib,
326 2360 353 2397 Ι,
379 2371 413 2405 9,
438 2367 498 2401 43.
529 2366 589 2402 44.
630 2361 659 2398 Ι,
686 2359 721 2397 6,
744 2364 809 2401 59.

127 2414 193 2450 61.
234 2413 361 2462 puella
394 2428 411 2448 e
447 2414 629 2449 cubiculo
675 2412 812 2461 egressa

124 2484 194 2519 per
233 2471 370 2505 domus
419 2472 510 2505 atria
542 2481 578 2505 et
617 2470 811 2518 porticum

125 2527 296 2561 reseratis
322 2526 415 2560 clam
430 2525 582 2561 foribus
606 2535 812 2559 amatorem

128 2583 276 2630 recipit.
338 2583 438 2616 Hinc
463 2582 499 2616 h.
522 2582 545 2616 l.
576 2579 737 2628 custodes
763 2581 815 2613 ἱα-

131 2648 260 2678 centes,
292 2639 417 2672 servus
439 2639 592 2671 ianitor.
616 2639 661 2671 ΙΙ.
694 2637 814 2671 Iacen-

133 2701 182 2727 tes
206 2693 244 2728 h.
268 2707 298 2729 e.
331 2695 577 2730 dormientes.
608 2694 673 2728 W.

1472 1147 1542 1188 30

1423 1223 1548 1268 San-

919 1356 983 1393 73.
1015 1359 1138 1382 caecas
1153 1367 1207 1374 —-
1221 1346 1321 1391 vias)
1352 1345 1435 1377 funt
1451 1341 1548 1380 viae,

862 1418 958 1453 quae
1010 1403 1189 1450 cognosci
1235 1413 1272 1437 et
1313 1399 1440 1436 videri
1484 1410 1549 1432 ne-

862 1471 1021 1509 queunt.

921 1528 984 1563 79.
1018 1522 1082 1559 go.
1122 1513 1223 1549 Belli
1251 1514 1379 1548 versus
1410 1521 1445 1544 et
1471 1510 1550 1543 sen·

864 1574 982 1608 tentia
1014 1584 1049 1606 et
1080 1571 1266 1606 orationis
1291 1565 1552 1603 ornamentis:

865 1638 970 1677 urget
988 1639 1124 1676 potens
1147 1627 1310 1661 verbum
1345 1635 1379 1658 et
1411 1621 1552 1661 efficax,

865 1695 931 1719 aut
951 1685 996 1719 de
1016 1684 1162 1717 maiore
1183 1683 1237 1722 vi,
1269 1681 1332 1715 cui
1355 1678 1470 1713 resisti
1493 1690 1555 1710 ne—

868 1742 975 1788 quit3
1008 1750 1052 1775 ut
1080 1739 1108 1773 si
1136 1737 1316 1772 Phoebus
1356 1744 1469 1781 urget
1492 1746 1557 1767 va-

868 1807 958 1837 tem,
991 1795 1182 1843 Pythiam,
1220 1794 1247 1827 [i
1267 1793 1376 1827 furor
1399 1788 1558 1824 Bacchi-

871 1867 936 1889 cus
974 1852 1124 1900 ingruit
1164 1849 1383 1887 mentibus;
1417 1855 1482 1880 aut
1512 1844 1559 1878 de

870 1908 980 1944 malis
994 1936 1004 1949 ,
1039 1922 1057 1942 a
1081 1907 1222 1955 quibus
1242 1901 1452 1952 respirandi
1473 1899 1559 1935 nul-

871 1966 931 2000 lus
954 1965 1062 2000 locus
1082 1977 1151 1999 nec
1180 1974 1330 2009 tempus
1362 1959 1429 1998 est3
1462 1957 1561 2004 peti-

873 2033 955 2057 tum
986 2031 1111 2055 autem
1142 2018 1238 2053 illud
1275 2031 1292 2051 a
1323 2012 1489 2063 procella
1522 2025 1561 2045 ac

872 2088 990 2112 vento
1032 2076 1201 2124 graviter
1240 2071 1488 2108 incumbente
1527 2078 1565 2102 et

873 2134 1102 2181 ingruente;
1157 2131 1250 2165 hinc
1310 2138 1438 2163 natum
1511 2124 1564 2161 vs.

874 2190 974 2238 sequ.
1009 2186 1132 2236 afflat.
1171 2185 1315 2232 Κύπρις
1335 2182 1404 2228 γὰρ
1436 2176 1478 2214 οὗ
1497 2191 1566 2223 φο-

875 2244 1006 2294 ρητὸν,
1044 2242 1091 2287 ἢν
1119 2241 1230 2284 πολλὴ
1261 2239 1349 2287 ῥυῇ,
1386 2235 1566 2285 proxime

876 2301 922 2335 ad
955 2299 1126 2334 nostrum
1166 2297 1317 2331 dixerat
1359 2289 1566 2338 Euripides

876 2355 1040 2404 Hippoi.
1063 2359 1155 2400 445.
1180 2352 1249 2386 ubi
1273 2364 1311 2385 v.
1346 2345 1566 2383 illustratio-

878 2426 964 2447 nem
991 2409 1225 2446 valkenarii.
1284 2406 1481 2441 Alterum.
1513 2401 1569 2446 cui

878 2469 1045 2518 placidus
1058 2467 1186 2500 leniter
1198 2460 1310 2509 asflat
1322 2463 1447 2495 Amor,
1474 2457 1571 2504 sum·

881 2535 964 2560 tum
996 2522 1044 2557 est
1074 2522 1118 2556 ab
1152 2533 1238 2554 aura
1271 2515 1451 2552 secunda,
1496 2524 1572 2559 qua

882 2580 994 2615 favor
1017 2590 1052 2613 et
1077 2576 1242 2611 studium
1267 2574 1380 2608 toties
1405 2566 1572 2617 exprimi

882 2635 997 2674 soler;
1031 2634 1078 2668 cst
1099 2633 1215 2666 adeo:
1250 2629 1312 2663 cni
1338 2631 1456 2661 Amor
1483 2635 1574 2671 pro-

883 2692 1005 2741 pitius
1038 2690 1104 2729 est,
1144 2681 1170 2733 ᾧ
1189 2684 1383 2732 ἐπιπνεύσῃ
1412 2679 1574 2718 ἐνδέξιος,

1428 2734 1575 2774 dixeris
