1752 2974
155 80 237 127 252

213 198 344 245 Atque
374 195 452 232 hoe
490 195 691 245 probabile
729 200 852 234 faeere

156 254 302 303 potest,
335 264 453 289 aetate
482 267 563 288 eam
593 267 758 302 puerum
791 269 853 289 an·

157 310 287 351 teiss'e;
337 311 438 346 forte
470 310 584 344 etiam
620 309 853 346 Cerinthum

154 380 237 402 non
269 381 388 415 aeque
431 364 570 400 illustri
598 364 686 400 loco
718 377 851 401 natum

155 423 280 458 fuisse.
340 421 535 469 Sulpiciae
566 421 726 467 quidem
759 435 850 470 gen-

152 479 202 515 tis
234 478 478 514 nobilitatem
509 476 618 512 fuiffe
650 478 849 518 summam,

153 547 246 571 :nota
269 549 329 570 res
356 534 416 568 est.
480 533 694 571 cerinthus
722 545 850 569 autem

151 591 344 627 formosus
372 602 471 638 puer
499 601 535 625 ct
561 603 676 637 quem
706 589 850 627 multae

152 646 305 697 puellae
329 646 553 681 adamarent
576 648 721 690 (Carm.
743 647 791 688 V,
813 656 850 690 5.

153 704 214 750 4.)
234 702 382 737 humili
402 713 438 737 et
459 703 622 738 obscuro
644 704 737 739 adeo
759 703 849 738 loco

152 770 266 795 natus
306 759 376 794 esse
417 760 490 794 vix
531 760 686 807 potuit3
738 759 850 795 valde

155 816 262 851 enim
302 815 456 851 blandis
489 827 525 851 et
554 816 724 852 honestis
765 829 852 851 ver·

152 871 214 909 bis
246 885 265 906 a
296 871 470 920 Sulpicia
512 884 601 907 eum
644 870 852 921 compella·

152 938 236 963 tum
268 927 411 964 videas.
470 930 604 976 Itaque
635 929 772 966 dubito
804 943 852 963 an

150 983 357 1021 libertinae
415 985 656 1021 conditionis
714 985 852 1020 haberi

149 1041 278 1092 poffit.
338 1043 454 1077 Forte
476 1041 544 1076 ille
574 1042 652 1079 suit
677 1042 851 1092 peregri-

150 1097 196 1134 ni
218 1109 346 1138 ortus,
379 1110 423 1133 ut
444 1109 553 1147 pater
572 1100 739 1134 Graecus
763 1097 852 1133 esset

149 1154 330 1194 natione,
373 1155 443 1202 qui
465 1154 575 1189 domi
595 1154 737 1189 illustri
759 1154 848 1189 loco

150 1219 265 1247 :natus
297 1210 368 1246 effe
398 1220 574 1259 poterat,
620 1213 766 1246 Romae
796 1221 849 1245 ta·

150 1279 242 1302 men
277 1267 448 1302 civitatis
478 1266 540 1303 ius
565 1279 645 1302 non
663 1267 849 1302 habebat.

149 1323 212 1358 Ex
245 1336 324 1370 quo
358 1325 461 1358 enim
493 1323 619 1358 omnis
659 1334 849 1358 terrarum

151 1379 259 1414 orbis
293 1381 457 1414 Romam
490 1377 686 1414 confluere
716 1391 852 1425 coepe-

149 1446 231 1475 rat,
293 1434 412 1469 multi
444 1448 491 1469 ex
531 1434 849 1483 opulentioribus

150 1491 335 1526 Graeciae
393 1490 579 1539 Asiaeque
649 1490 848 1538 splendide

149 1547 237 1582 [atis
260 1547 319 1582 ibi
340 1547 549 1586 vivebant,
589 1546 730 1583 litteris
752 1560 849 1594 quo-

149 1617 227 1651 que
247 1614 284 1638 et
303 1604 405 1639 vitae
426 1603 614 1651 elegantia
636 1603 845 1651 conspicui.

147 1659 242 1695 Fuit
282 1659 384 1695 forte
428 1659 640 1703 Cerinthus
685 1673 732 1694 ex
773 1659 847 1694 hoc

146 1728 312 1764 genere:
369 1730 496 1764 neque
548 1716 642 1750 adeo
685 1717 846 1754 mirum,

145 1771 256 1819 Eleg.
280 1774 347 1806 111.
368 1772 572 1808 venationi
590 1786 724 1808 vacare
745 1786 846 1811 eum.

146 1828 260 1863 cuius
280 1828 449 1863 studium
468 1839 510 1863 ut
527 1829 680 1877 parenti
698 1828 766 1863 ille
786 1842 845 1863 re·

144 1881 322 1932 linquat,
353 1884 483 1933 puella
503 1896 691 1933 precatur.
739 1884 844 1920 Illud

144 1951 250 1975 certe
281 1955 350 1989 per
386 1943 516 1976 omnia
547 1941 641 1976 haec
676 1941 845 1976 carmina

145 1996 453 2033 animadvertere
473 1997 576 2033 mihi
591 1997 744 2038 videor,
756 1997 844 2032 fuis-

143 2052 180 2094 se
232 2052 427 2103 Sulpiciae
486 2067 658 2090 amorem
712 2053 841 2096 talem,

142 2108 273 2158 qualis
296 2123 335 2145 v.
358 2123 387 2146 c.
415 2111 568 2146 futurus
596 2111 706 2151 esset,
736 2111 764 2145 fi
784 2125 842 2146 re-

142 2165 210 2213 gia
238 2166 370 2213 puella
399 2168 525 2203 nostro
564 2178 739 2216 tempore
769 2181 839 2203 110-

141 2220 265 2257 bilem
292 2222 495 2258 hominem
526 2235 678 2260 amaret.
748 2225 840 2261 Fuit

141 2287 273 2314 tamen
311 2278 441 2328 puella
472 2281 591 2315 mirae
629 2280 837 2317 venustatis

141 2345 181 2370 et
218 2348 315 2382 quae
344 2336 463 2384 ipsam
496 2338 688 2376 Venerem
723 2337 837 2385 ipsas-

138 2403 218 2439 que
242 2391 419 2428 Charitas
446 2393 607 2428 referret
631 2407 698 2430 ore
721 2403 759 2428 et
777 2405 836 2430 to-

140 2456 184 2483 to
216 2449 394 2496 corporis
423 2449 561 2485 habitu
593 2448 834 2499 (Eleg.11.)‚

137 2503 260 2550 petita
292 2503 360 2539 illa
400 2515 437 2541 et
474 2517 628 2554 procata
651 2521 671 2541 a
698 2507 834 2545 multis

137 2559 353 2596 iuvenibus
378 2560 503 2610 (Eleg.
520 2563 587 2604 IV,
614 2565 710 2609 20.)‚
734 2565 835 2600 inter

140 2627 240 2669 quos
263 2616 417 2653 Messala
438 2619 527 2658 fuit,
552 2619 628 2655 hoc
649 2620 710 2662 est,
735 2634 834 2658 unus

649 82 821 122 ALBII
859 84 1120 124 TIBVLLI

921 214 966 235 ex
1000 198 1241 236 Messalarum
1280 198 1449 241 familia;
1495 199 1609 249 plura

921 258 1024 292 enim
1065 255 1203 292 inferri
1238 269 1318 292 non
1365 256 1520 305 poffunt
1562 270 1610 292 ex

921 314 1047 348 carm.
1087 315 1194 352 VIII.
1266 311 1437 348 Puellam
1479 324 1610 348 autem

918 368 1037 416 ipsam
1078 385 1097 406 a
1136 371 1288 418 poetica
1327 382 1407 404 non
1446 368 1610 404 alienam

919 424 1064 466 fuiss'e,‘
1083 427 1159 462 hoe
1182 426 1314 466 docet,
1346 425 1451 473 quod
1483 427 1611 463 Carm.

918 481 986 521 VI,
1009 491 1045 518 2.
1075 484 1184 519 docta
1204 483 1332 532 puella
1355 480 1582 530 appellatur.

973 562 1054 598 Etsi
1081 562 1212 609 itaque
1243 575 1303 597 res
1334 561 1381 595 ad
1415 559 1613 608 liquidum

917 617 1082 666 perduci
1111 618 1270 664 nequit,
1323 615 1527 666 probabile
1558 627 1612 651 ta·

917 687 1008 709 men
1040 674 1111 713 fit,
1139 673 1242 708 lusus
1273 673 1347 708 hos
1379 673 1448 708 esse
1480 672 1612 708 vario-

917 744 1007 765 rum
1048 730 1254 765 hominurn
1299 728 1533 776 elegantium
1574 739 1613 763 et

919 786 1142 827 nobilium,
1196 785 1316 820 variis
1365 785 1610 832 temporibus

918 843 1118 891 variisque
1143 842 1188 877 de
1212 840 1341 876 eauffis
1364 841 1612 889 composit05‚

919 899 981 933 sed
1012 913 1052 934 ea
1086 908 1229 938 aetate,
1290 911 1365 945 qua
1394 900 1539 932 Romae
1570 897 1613 931 in

918 954 1163 990 nobiliffimis
1205 954 1387 1002 gentibus
1430 954 1615 1002 vigebant

918 1011 1134 1047 litterarum
1159 1010 1277 1046 studia
1301 1023 1388 1045 cum
1417 1010 1612 1045 urbanita-

919 1079 955 1103 te
982 1068 1208 1106 coniuncta,
1240 1066 1364 1115 qualis
1393 1066 1461 1101 illa
1480 1068 1614 1115 Augu-

917 1123 992 1160 steo
1024 1138 1119 1160 aevo
1149 1125 1236 1162 fuit.
1296 1123 1356 1158 Ab
1380 1124 1457 1172 ipsa
1480 1121 1610 1172 Sulpi-

918 1181 975 1215 cia
995 1194 1172 1229 magnam
1194 1190 1341 1229 partem
1365 1194 1406 1215 ea
1429 1181 1500 1216 effe
1518 1191 1610 1230 pro-

917 1237 1039 1277 fecta,
1090 1236 1195 1272 nihil
1228 1237 1277 1271 est
1306 1236 1414 1283 quod
1453 1236 1609 1271 credere

916 1293 1130 1341 prohibeat.
1189 1295 1243 1328 Ut
1263 1293 1304 1327 in
1326 1292 1482 1330 Tibulli
1503 1292 1611 1327 codi-

918 1362 1001 1383 cem
1024 1363 1063 1384 ea
1086 1350 1363 1389 reficerentur,
1404 1362 1493 1384 cum
1513 1344 1620 1383 aliae

917 1405 1061 1440 caussae
1089 1406 1269 1452 casusque
1301 1404 1400 1439 ferre
1431 1415 1608 1453 potuere,

916 1471 998 1496 tum
1031 1461 1250 1510 argumenti
1279 1460 1520 1502 similitudo,
1573 1471 1613 1497 et

916 1528 1137 1566 temporum
1158 1518 1271 1556 sorte,
1302 1516 1441 1565 quibus
1462 1532 1501 1553 ea
1525 1519 1611 1554 scri-

912 1586 974 1623 pta
993 1575 1090 1615 sunt,
1120 1573 1314 1610 aTibullo
1337 1586 1416 1609 non
1437 1587 1608 1611 remoto·

914 1645 1002 1666 rum
1030 1631 1143 1666 ratio.
1205 1632 1309 1665 Tum
1340 1643 1435 1666 vero
1466 1631 1533 1668 lib.
1558 1634 1606 1667 11.

914 1687 1068 1724 Tibulli
1111 1687 1207 1722 duae
1249 1687 1334 1722 sunt
1377 1687 1519 1736 elegiae
1560 1688 1607 1723 ad

914 1744 1146 1780 Cerinthum
1166 1744 1345 1791 scriptae,
1380 1745 1449 1791 qui
1467 1745 1606 1793 utique

912 1802 1017 1836 idem
1057 1814 1143 1836 cum
1177 1800 1254 1835 hoc
1296 1799 1431 1835 haberi
1468 1801 1604 1849 potest,

912 1871 1027 1906 quem
1041 1857 1212 1905 Sulpicia
1226 1858 1391 1893 amavit:
1418 1858 1485 1892 etsi
1497 1857 1606 1906 puel-

910 1914 966 1953 la,
1017 1927 1132 1963 quam
1163 1913 1235 1948 sibi
1266 1927 1296 1948 e.
1327 1912 1352 1949 l.
1387 1914 1605 1962 desponsam

909 1971 1047 2010 habet,
1079 1969 1249 2018 Sulpicia
1275 1969 1344 2004 effe
1367 1971 1515 2018 nequit.

965 2049 1144 2084 Redeunt
1169 2049 1263 2084 haec
1290 2047 1421 2084 omnia
1443 2047 1489 2083 ad
1510 2062 1601 2097 pro-

908 2105 1147 2141 babilitatem
1180 2104 1372 2154 aliquam,
1412 2106 1475 2139 cui
1505 2119 1603 2140 non-

909 2162 1003 2197 dum
1024 2161 1108 2197 vidi
1130 2162 1236 2210 quod
1266 2161 1476 2211 repositum
1501 2161 1603 2203 esset,

907 2218 981 2253 nisi
1022 2216 1092 2252 alia
1133 2218 1178 2254 ab
1217 2217 1290 2253 alia
1325 2217 1602 2267 probabilitate

904 2274 1023 2324 petita
1039 2301 1049 2315 ,
1083 2288 1178 2323 quae
1201 2288 1269 2323 per
1290 2275 1323 2310 se
1347 2273 1451 2309 nihil
1472 2274 1602 2315 habet,

905 2343 984 2380 quo
1020 2330 1053 2366 se
1093 2331 1360 2372 commendet,
1417 2331 1491 2365 nisi
1522 2331 1599 2365 iam

906 2387 1172 2435 opinationem
1185 2387 1352 2435 aliquam
1366 2387 1496 2421 animo
1510 2400 1599 2422 con-

905 2454 1053 2492 ceptam
1081 2443 1266 2479 attuleris.
1329 2446 1372 2478 In
1394 2456 1434 2478 re
1453 2444 1596 2491 itaque,

904 2513 1001 2548 quae
1026 2501 1068 2535 in
1092 2500 1217 2535 varias
1249 2511 1373 2548 partes
1407 2500 1598 2547 disputari

901 2557 1036 2604 potest,
1068 2558 1134 2592 suo
1153 2568 1195 2592 ut
1211 2557 1477 2605 unusquisque
1495 2554 1598 2590 frua-

905 2623 968 2648 tur
990 2613 1164 2655 iudicio,
1206 2626 1371 2663 aequum
1396 2611 1454 2648 est.

1464 2680 1600 2719 CAR-
