<?xml version="1.0" encoding="UTF-8"?>
<!DOCTYPE html PUBLIC "-//W3C//DTD XHTML 1.0 Transitional//EN"
    "http://www.w3.org/TR/xhtml1/DTD/xhtml1-transitional.dtd">
<html xmlns="http://www.w3.org/1999/xhtml" xml:lang="en" lang="en">
 <head>
  <title>
</title>
<meta http-equiv="Content-Type" content="text/html;charset=utf-8" />
  <meta name='ocr-system' content='tesseract 3.04.00' />
  <meta name='ocr-capabilities' content='ocr_page ocr_carea ocr_par ocr_line ocrx_word'/>
</head>
<body>
  <div class='ocr_page' id='page_1' title='image "albiitibullicarm01tibuuoft_0348.png"; bbox 0 0 1752 2974; ppageno 0'>
   <div class='ocr_carea' id='block_1_1' title="bbox 205 101 288 145">
    <p class='ocr_par' dir='ltr' id='par_1_1' title="bbox 205 101 288 145">
     <span class='ocr_line' id='line_1_1' title="bbox 205 101 288 145; baseline 0.012 -1"><span class='ocrx_word' id='word_1_1' title='bbox 205 101 288 145; x_wconf 79' lang='lat'>246</span> 
     </span>
    </p>
   </div>
   <div class='ocr_carea' id='block_1_2' title="bbox 688 102 1177 143">
    <p class='ocr_par' dir='ltr' id='par_1_2' title="bbox 688 102 1177 143">
     <span class='ocr_line' id='line_1_2' title="bbox 688 102 1177 143; baseline -0.002 0"><span class='ocrx_word' id='word_1_2' title='bbox 688 102 865 143; x_wconf 80' lang='lat' dir='ltr'><strong>ALBII</strong></span> <span class='ocrx_word' id='word_1_3' title='bbox 910 106 1177 143; x_wconf 72' lang='lat' dir='ltr'><strong>TIBVLLI</strong></span> 
     </span>
    </p>
   </div>
   <div class='ocr_carea' id='block_1_3' title="bbox 188 215 1660 720">
    <p class='ocr_par' dir='ltr' id='par_1_3' title="bbox 188 215 1657 636">
     <span class='ocr_line' id='line_1_3' title="bbox 188 215 1576 285; baseline 0.003 -18"><span class='ocrx_word' id='word_1_4' title='bbox 188 217 318 285; x_wconf 72' lang='lat' dir='ltr'>,Ipse</span> <span class='ocrx_word' id='word_1_5' title='bbox 347 218 482 266; x_wconf 85' lang='lat' dir='ltr'>mihi</span> <span class='ocrx_word' id='word_1_6' title='bbox 511 234 622 266; x_wconf 88' lang='lat' dir='ltr'>non</span> <span class='ocrx_word' id='word_1_7' title='bbox 651 215 693 266; x_wconf 92' lang='lat' dir='ltr'>si</span> <span class='ocrx_word' id='word_1_8' title='bbox 718 218 1028 283; x_wconf 79' lang='lat' dir='ltr'>praescribat</span> <span class='ocrx_word' id='word_1_9' title='bbox 1061 219 1287 268; x_wconf 71' lang='lat' dir='ltr'>carmiiia</span> <span class='ocrx_word' id='word_1_10' title='bbox 1318 219 1576 271; x_wconf 85' lang='lat' dir='ltr'>Phoebus.</span> 
     </span>
     <span class='ocr_line' id='line_1_4' title="bbox 207 298 1542 372; baseline 0 -16"><span class='ocrx_word' id='word_1_11' title='bbox 207 305 294 356; x_wconf 85' lang='lat' dir='ltr'>Est</span> <span class='ocrx_word' id='word_1_12' title='bbox 318 298 442 362; x_wconf 82' lang='lat' dir='ltr'>tibi,</span> <span class='ocrx_word' id='word_1_13' title='bbox 482 307 574 368; x_wconf 87' lang='lat' dir='ltr'>qui</span> <span class='ocrx_word' id='word_1_14' title='bbox 600 304 747 369; x_wconf 78' lang='lat' dir='ltr'>possit</span> <span class='ocrx_word' id='word_1_15' title='bbox 768 309 972 371; x_wconf 79' lang='lat' dir='ltr'>magnis</span> <span class='ocrx_word' id='word_1_16' title='bbox 998 306 1048 355; x_wconf 88' lang='lat' dir='ltr'>se</span> <span class='ocrx_word' id='word_1_17' title='bbox 1073 308 1340 372; x_wconf 82' lang='lat' dir='ltr'>accingere</span> <span class='ocrx_word' id='word_1_18' title='bbox 1367 308 1542 366; x_wconf 86' lang='lat' dir='ltr'>rebus,</span> 
     </span>
     <span class='ocr_line' id='line_1_5' title="bbox 205 395 1656 459; baseline 0.001 -17"><span class='ocrx_word' id='word_1_19' title='bbox 205 395 421 459; x_wconf 81' lang='lat' dir='ltr'>Valgius</span> <span class='ocrx_word' id='word_1_20' title='bbox 434 412 446 451; x_wconf 89' lang='lat'>;</span> <span class='ocrx_word' id='word_1_21' title='bbox 486 402 696 440; x_wconf 83' lang='lat' dir='ltr'>aeterno</span> <span class='ocrx_word' id='word_1_22' title='bbox 719 395 941 458; x_wconf 85' lang='lat' dir='ltr'>propior</span> <span class='ocrx_word' id='word_1_23' title='bbox 964 412 1073 443; x_wconf 88' lang='lat' dir='ltr'>non</span> <span class='ocrx_word' id='word_1_24' title='bbox 1101 395 1230 442; x_wconf 84' lang='lat' dir='ltr'>alter</span> <span class='ocrx_word' id='word_1_25' title='bbox 1251 398 1503 444; x_wconf 80' lang='lat' dir='ltr'>Homero.</span> <span class='ocrx_word' id='word_1_26' title='bbox 1555 413 1574 442; x_wconf 91' lang='lat'>1</span> <span class='ocrx_word' id='word_1_27' title='bbox 1589 409 1656 452; x_wconf 82' lang='lat' dir='ltr'>sso</span> 
     </span>
     <span class='ocr_line' id='line_1_6' title="bbox 208 479 1657 547; baseline 0.003 -19"><span class='ocrx_word' id='word_1_28' title='bbox 208 479 485 545; x_wconf 81' lang='lat' dir='ltr'>Languida</span> <span class='ocrx_word' id='word_1_29' title='bbox 514 497 625 528; x_wconf 87' lang='lat' dir='ltr'>non</span> <span class='ocrx_word' id='word_1_30' title='bbox 651 479 828 528; x_wconf 83' lang='lat' dir='ltr'>noster</span> <span class='ocrx_word' id='word_1_31' title='bbox 848 483 1052 545; x_wconf 78' lang='lat' dir='ltr'>peragit</span> <span class='ocrx_word' id='word_1_32' title='bbox 1073 482 1222 529; x_wconf 88' lang='lat' dir='ltr'>labor</span> <span class='ocrx_word' id='word_1_33' title='bbox 1245 482 1347 529; x_wconf 82' lang='lat' dir='ltr'>otia</span> <span class='ocrx_word' id='word_1_34' title='bbox 1362 520 1376 540; x_wconf 84' lang='lat'>,</span> <span class='ocrx_word' id='word_1_35' title='bbox 1413 485 1657 547; x_wconf 84' lang='lat' dir='ltr'>quamvis</span> 
     </span>
     <span class='ocr_line' id='line_1_7' title="bbox 209 566 1538 636; baseline 0 -18"><span class='ocrx_word' id='word_1_36' title='bbox 209 573 468 624; x_wconf 83' lang='lat' dir='ltr'>Fortuna,</span> <span class='ocrx_word' id='word_1_37' title='bbox 507 577 568 614; x_wconf 92' lang='lat' dir='ltr'>ut</span> <span class='ocrx_word' id='word_1_38' title='bbox 590 584 708 617; x_wconf 84' lang='lat' dir='ltr'>mos</span> <span class='ocrx_word' id='word_1_39' title='bbox 733 566 805 615; x_wconf 86' lang='lat' dir='ltr'>est</span> <span class='ocrx_word' id='word_1_40' title='bbox 829 568 938 624; x_wconf 85' lang='lat' dir='ltr'>illi,</span> <span class='ocrx_word' id='word_1_41' title='bbox 985 584 1069 614; x_wconf 90' lang='lat' dir='ltr'>me</span> <span class='ocrx_word' id='word_1_42' title='bbox 1102 566 1312 617; x_wconf 83' lang='lat' dir='ltr'>adversa</span> <span class='ocrx_word' id='word_1_43' title='bbox 1342 568 1538 636; x_wconf 79' lang='lat' dir='ltr'>fatiget.</span> 
     </span>
    </p>

    <p class='ocr_par' dir='ltr' id='par_1_4' title="bbox 208 653 1660 720">
     <span class='ocr_line' id='line_1_8' title="bbox 208 653 1660 720; baseline -0.001 -14"><span class='ocrx_word' id='word_1_44' title='bbox 208 659 256 706; x_wconf 75' lang='lat' dir='ltr'>N</span> <span class='ocrx_word' id='word_1_45' title='bbox 269 673 349 704; x_wconf 86' lang='lat' dir='ltr'>am</span> <span class='ocrx_word' id='word_1_46' title='bbox 366 655 498 703; x_wconf 78' lang='lat' dir='ltr'>mihi</span> <span class='ocrx_word' id='word_1_47' title='bbox 514 671 683 719; x_wconf 86' lang='lat' dir='ltr'>quum</span> <span class='ocrx_word' id='word_1_48' title='bbox 701 655 903 720; x_wconf 84' lang='lat' dir='ltr'>magnis</span> <span class='ocrx_word' id='word_1_49' title='bbox 920 654 1111 718; x_wconf 83' lang='lat' dir='ltr'>opibus</span> <span class='ocrx_word' id='word_1_50' title='bbox 1128 653 1319 703; x_wconf 86' lang='lat' dir='ltr'>domus</span> <span class='ocrx_word' id='word_1_51' title='bbox 1338 657 1437 706; x_wconf 83' lang='lat' dir='ltr'>alta</span> <span class='ocrx_word' id='word_1_52' title='bbox 1453 660 1660 715; x_wconf 88' lang='lat' dir='ltr'>niteret,</span> 
     </span>
    </p>
   </div>
   <div class='ocr_carea' id='block_1_4' title="bbox 211 740 1352 794">
    <p class='ocr_par' dir='ltr' id='par_1_5' title="bbox 211 740 1352 794">
     <span class='ocr_line' id='line_1_9' title="bbox 211 740 1352 794; baseline -0.005 0"><span class='ocrx_word' id='word_1_53' title='bbox 211 745 316 794; x_wconf 88' lang='lat' dir='ltr'>Cui</span> <span class='ocrx_word' id='word_1_54' title='bbox 346 741 555 790; x_wconf 84' lang='lat' dir='ltr'>fuerant</span> <span class='ocrx_word' id='word_1_55' title='bbox 587 741 712 790; x_wconf 85' lang='lat' dir='ltr'>flavi</span> <span class='ocrx_word' id='word_1_56' title='bbox 742 742 965 791; x_wconf 82' lang='lat' dir='ltr'>ditantes</span> <span class='ocrx_word' id='word_1_57' title='bbox 997 741 1187 789; x_wconf 82' lang='lat' dir='ltr'>ordine</span> <span class='ocrx_word' id='word_1_58' title='bbox 1217 740 1352 789; x_wconf 88' lang='lat' dir='ltr'>sulci</span> 
     </span>
    </p>
   </div>
   <div class='ocr_carea' id='block_1_5' title="bbox 209 827 1389 889">
    <p class='ocr_par' dir='ltr' id='par_1_6' title="bbox 209 827 1389 889">
     <span class='ocr_line' id='line_1_10' title="bbox 209 827 1389 889; baseline -0.002 -7"><span class='ocrx_word' id='word_1_59' title='bbox 209 836 436 889; x_wconf 76' lang='lat' dir='ltr'>Horrea,</span> <span class='ocrx_word' id='word_1_60' title='bbox 487 829 738 882; x_wconf 79' lang='lat' dir='ltr'>fecundas</span> <span class='ocrx_word' id='word_1_61' title='bbox 769 830 835 879; x_wconf 83' lang='lat' dir='ltr'>ad.</span> <span class='ocrx_word' id='word_1_62' title='bbox 864 828 1165 881; x_wconf 79' lang='lat' dir='ltr'>deficientia</span> <span class='ocrx_word' id='word_1_63' title='bbox 1193 827 1389 888; x_wconf 56' lang='lat' dir='ltr'>melfiae,</span> 
     </span>
    </p>
   </div>
   <div class='ocr_carea' id='block_1_6' title="bbox 212 1085 912 2717">
    <p class='ocr_par' dir='ltr' id='par_1_7' title="bbox 212 1085 905 1471">
     <span class='ocr_line' id='line_1_11' title="bbox 276 1085 904 1135; baseline 0.002 -16"><span class='ocrx_word' id='word_1_64' title='bbox 276 1091 366 1131; x_wconf 80' lang='lat'>178.</span> <span class='ocrx_word' id='word_1_65' title='bbox 419 1085 643 1135; x_wconf 78' lang='lat' dir='ltr'>praescribat</span> <span class='ocrx_word' id='word_1_66' title='bbox 710 1085 904 1132; x_wconf 82' lang='lat' dir='ltr'>carmina)</span> 
     </span>
     <span class='ocr_line' id='line_1_12' title="bbox 214 1140 904 1189; baseline 0.001 -13"><span class='ocrx_word' id='word_1_67' title='bbox 214 1140 360 1189; x_wconf 82' lang='lat' dir='ltr'>Apollo</span> <span class='ocrx_word' id='word_1_68' title='bbox 392 1145 510 1179; x_wconf 82' lang='lat' dir='ltr'>verba</span> <span class='ocrx_word' id='word_1_69' title='bbox 544 1154 580 1178; x_wconf 87' lang='lat' dir='ltr'>et</span> <span class='ocrx_word' id='word_1_70' title='bbox 608 1155 816 1177; x_wconf 85' lang='lat' dir='ltr'>numerum</span> <span class='ocrx_word' id='word_1_71' title='bbox 847 1154 904 1177; x_wconf 84' lang='lat' dir='ltr'>ca-</span> 
     </span>
     <span class='ocr_line' id='line_1_13' title="bbox 212 1198 903 1247; baseline 0.004 -16"><span class='ocrx_word' id='word_1_72' title='bbox 212 1198 324 1232; x_wconf 85' lang='lat' dir='ltr'>nenti</span> <span class='ocrx_word' id='word_1_73' title='bbox 349 1198 591 1247; x_wconf 85' lang='lat' dir='ltr'>suppeditans</span> <span class='ocrx_word' id='word_1_74' title='bbox 623 1198 766 1234; x_wconf 79' lang='lat' dir='ltr'>dicitur</span> <span class='ocrx_word' id='word_1_75' title='bbox 796 1211 903 1246; x_wconf 84' lang='lat' dir='ltr'>prae-</span> 
     </span>
     <span class='ocr_line' id='line_1_14' title="bbox 215 1254 904 1303; baseline 0.003 -16"><span class='ocrx_word' id='word_1_76' title='bbox 215 1254 379 1289; x_wconf 77' lang='lat' dir='ltr'>scribere</span> <span class='ocrx_word' id='word_1_77' title='bbox 428 1256 619 1295; x_wconf 84' lang='lat' dir='ltr'>carmina,</span> <span class='ocrx_word' id='word_1_78' title='bbox 677 1255 904 1303; x_wconf 78' lang='lat' dir='ltr'>metaphora</span> 
     </span>
     <span class='ocr_line' id='line_1_15' title="bbox 216 1309 905 1359; baseline 0 -15"><span class='ocrx_word' id='word_1_79' title='bbox 216 1323 237 1345; x_wconf 85' lang='lat' dir='ltr'>a</span> <span class='ocrx_word' id='word_1_80' title='bbox 279 1309 366 1345; x_wconf 80' lang='lat' dir='ltr'>ludi</span> <span class='ocrx_word' id='word_1_81' title='bbox 411 1312 591 1359; x_wconf 78' lang='lat' dir='ltr'>magistro</span> <span class='ocrx_word' id='word_1_82' title='bbox 642 1311 776 1348; x_wconf 77' lang='lat' dir='ltr'>ducta,</span> <span class='ocrx_word' id='word_1_83' title='bbox 836 1311 905 1358; x_wconf 86' lang='lat' dir='ltr'>qui</span> 
     </span>
     <span class='ocr_line' id='line_1_16' title="bbox 213 1367 905 1416; baseline -0.003 -14"><span class='ocrx_word' id='word_1_84' title='bbox 213 1367 348 1416; x_wconf 82' lang='lat' dir='ltr'>p&#39;ueris</span> <span class='ocrx_word' id='word_1_85' title='bbox 397 1367 621 1413; x_wconf 79' lang='lat' dir='ltr'>praescripta</span> <span class='ocrx_word' id='word_1_86' title='bbox 676 1367 757 1405; x_wconf 86' lang='lat' dir='ltr'>dat,</span> <span class='ocrx_word' id='word_1_87' title='bbox 809 1380 905 1414; x_wconf 86' lang='lat' dir='ltr'>quae</span> 
     </span>
     <span class='ocr_line' id='line_1_17' title="bbox 214 1422 904 1471; baseline 0.004 -15"><span class='ocrx_word' id='word_1_88' title='bbox 214 1424 433 1457; x_wconf 77' lang='lat' dir='ltr'>imitentur.</span> <span class='ocrx_word' id='word_1_89' title='bbox 466 1423 512 1457; x_wconf 83' lang='lat' dir='ltr'>cs.</span> <span class='ocrx_word' id='word_1_90' title='bbox 544 1425 673 1458; x_wconf 86' lang='lat' dir='ltr'>Senec.</span> <span class='ocrx_word' id='word_1_91' title='bbox 695 1422 812 1471; x_wconf 81' lang='lat' dir='ltr'>Epist.</span> <span class='ocrx_word' id='word_1_92' title='bbox 839 1428 904 1470; x_wconf 80' lang='lat'>94.</span> 
     </span>
    </p>

    <p class='ocr_par' dir='ltr' id='par_1_8' title="bbox 216 1537 910 2151">
     <span class='ocr_line' id='line_1_18' title="bbox 276 1537 907 1584; baseline -0.002 -11"><span class='ocrx_word' id='word_1_93' title='bbox 276 1542 368 1581; x_wconf 78' lang='lat'>280.</span> <span class='ocrx_word' id='word_1_94' title='bbox 401 1537 447 1573; x_wconf 89' lang='grc' dir='ltr'>Τ.</span> <span class='ocrx_word' id='word_1_95' title='bbox 479 1537 634 1584; x_wconf 74' lang='lat' dir='ltr'>Valgius</span> <span class='ocrx_word' id='word_1_96' title='bbox 659 1537 784 1572; x_wconf 86' lang='lat' dir='ltr'>Rufus</span> <span class='ocrx_word' id='word_1_97' title='bbox 816 1542 907 1584; x_wconf 75' lang='lat' dir='ltr'>poe*-</span> 
     </span>
     <span class='ocr_line' id='line_1_19' title="bbox 216 1593 908 1641; baseline 0.001 -14"><span class='ocrx_word' id='word_1_98' title='bbox 216 1602 255 1633; x_wconf 77' lang='lat' dir='ltr'>ta</span> <span class='ocrx_word' id='word_1_99' title='bbox 278 1594 425 1629; x_wconf 86' lang='lat' dir='ltr'>nobilis</span> <span class='ocrx_word' id='word_1_100' title='bbox 449 1593 591 1641; x_wconf 86' lang='lat' dir='ltr'>epicus,</span> <span class='ocrx_word' id='word_1_101' title='bbox 622 1593 667 1627; x_wconf 82' lang='lat' dir='ltr'>ad</span> <span class='ocrx_word' id='word_1_102' title='bbox 692 1607 805 1641; x_wconf 85' lang='lat' dir='ltr'>quem</span> <span class='ocrx_word' id='word_1_103' title='bbox 824 1594 908 1628; x_wconf 69' lang='lat' dir='ltr'>Ho-</span> 
     </span>
     <span class='ocr_line' id='line_1_20' title="bbox 217 1649 908 1697; baseline 0 -13"><span class='ocrx_word' id='word_1_104' title='bbox 217 1649 308 1684; x_wconf 74' lang='lat' dir='ltr'>ratii</span> <span class='ocrx_word' id='word_1_105' title='bbox 340 1651 504 1686; x_wconf 82' lang='lat' dir='ltr'>Carmen</span> <span class='ocrx_word' id='word_1_106' title='bbox 534 1650 582 1685; x_wconf 82' lang='lat' dir='ltr'>est</span> <span class='ocrx_word' id='word_1_107' title='bbox 612 1649 681 1685; x_wconf 79' lang='lat' dir='ltr'>lib.</span> <span class='ocrx_word' id='word_1_108' title='bbox 701 1651 747 1689; x_wconf 77' lang='lat'>11,</span> <span class='ocrx_word' id='word_1_109' title='bbox 770 1661 805 1697; x_wconf 88' lang='lat'>9.</span> <span class='ocrx_word' id='word_1_110' title='bbox 846 1651 908 1684; x_wconf 83' lang='lat' dir='ltr'>De</span> 
     </span>
     <span class='ocr_line' id='line_1_21' title="bbox 220 1705 909 1742; baseline 0 -2"><span class='ocrx_word' id='word_1_111' title='bbox 220 1718 266 1740; x_wconf 91' lang='lat' dir='ltr'>eo</span> <span class='ocrx_word' id='word_1_112' title='bbox 290 1705 401 1741; x_wconf 86' lang='lat' dir='ltr'>docte</span> <span class='ocrx_word' id='word_1_113' title='bbox 423 1707 467 1740; x_wconf 85' lang='lat' dir='ltr'>ad</span> <span class='ocrx_word' id='word_1_114' title='bbox 487 1706 525 1740; x_wconf 85' lang='lat' dir='ltr'>h.</span> <span class='ocrx_word' id='word_1_115' title='bbox 549 1706 574 1740; x_wconf 92' lang='lat' dir='ltr'>l.</span> <span class='ocrx_word' id='word_1_116' title='bbox 597 1706 746 1742; x_wconf 84' lang='lat' dir='ltr'>disserit</span> <span class='ocrx_word' id='word_1_117' title='bbox 757 1705 909 1742; x_wconf 80' lang='lat' dir='ltr'>Brouk-</span> 
     </span>
     <span class='ocr_line' id='line_1_22' title="bbox 216 1762 909 1799; baseline 0.003 -4"><span class='ocrx_word' id='word_1_118' title='bbox 216 1762 361 1797; x_wconf 85' lang='lat' dir='ltr'>husius.</span> <span class='ocrx_word' id='word_1_119' title='bbox 421 1763 514 1798; x_wconf 81' lang='lat' dir='ltr'>Non</span> <span class='ocrx_word' id='word_1_120' title='bbox 548 1773 673 1799; x_wconf 81' lang='lat' dir='ltr'>tamen</span> <span class='ocrx_word' id='word_1_121' title='bbox 694 1763 785 1798; x_wconf 88' lang='lat' dir='ltr'>inde</span> <span class='ocrx_word' id='word_1_122' title='bbox 817 1774 909 1798; x_wconf 88' lang='lat' dir='ltr'>con-</span> 
     </span>
     <span class='ocr_line' id='line_1_23' title="bbox 218 1819 910 1869; baseline -0.001 -14"><span class='ocrx_word' id='word_1_123' title='bbox 218 1819 306 1858; x_wconf 81' lang='lat' dir='ltr'>stat,</span> <span class='ocrx_word' id='word_1_124' title='bbox 347 1820 532 1866; x_wconf 85' lang='lat' dir='ltr'>quidnam</span> <span class='ocrx_word' id='word_1_125' title='bbox 568 1819 670 1866; x_wconf 82' lang='lat' dir='ltr'>epici</span> <span class='ocrx_word' id='word_1_126' title='bbox 691 1819 910 1869; x_wconf 76' lang='lat' dir='ltr'>argumenti</span> 
     </span>
     <span class='ocr_line' id='line_1_24' title="bbox 219 1875 910 1924; baseline -0.001 -13"><span class='ocrx_word' id='word_1_127' title='bbox 219 1885 286 1911; x_wconf 76' lang='lat' dir='ltr'>aut</span> <span class='ocrx_word' id='word_1_128' title='bbox 304 1876 491 1924; x_wconf 80' lang='lat' dir='ltr'>scripserit</span> <span class='ocrx_word' id='word_1_129' title='bbox 513 1886 578 1911; x_wconf 81' lang='lat' dir='ltr'>aut</span> <span class='ocrx_word' id='word_1_130' title='bbox 597 1876 803 1911; x_wconf 78' lang='lat' dir='ltr'>meditatus</span> <span class='ocrx_word' id='word_1_131' title='bbox 827 1875 910 1910; x_wconf 87' lang='lat' dir='ltr'>fue-</span> 
     </span>
     <span class='ocr_line' id='line_1_25' title="bbox 218 1932 906 1980; baseline -0.001 -13"><span class='ocrx_word' id='word_1_132' title='bbox 218 1932 283 1972; x_wconf 67' lang='lat' dir='ltr'>rit.</span> <span class='ocrx_word' id='word_1_133' title='bbox 361 1934 634 1969; x_wconf 79' lang='lat' dir='ltr'>Memorantur</span> <span class='ocrx_word' id='word_1_134' title='bbox 673 1932 755 1967; x_wconf 81' lang='lat' dir='ltr'>eius</span> <span class='ocrx_word' id='word_1_135' title='bbox 793 1932 906 1980; x_wconf 83' lang='lat' dir='ltr'>clegi,</span> 
     </span>
     <span class='ocr_line' id='line_1_26' title="bbox 221 1988 907 2037; baseline 0.003 -16"><span class='ocrx_word' id='word_1_136' title='bbox 221 1988 516 2037; x_wconf 76' lang='lat' dir='ltr'>epigrammata,</span> <span class='ocrx_word' id='word_1_137' title='bbox 557 2000 593 2024; x_wconf 89' lang='lat' dir='ltr'>et</span> <span class='ocrx_word' id='word_1_138' title='bbox 624 1988 823 2024; x_wconf 79' lang='lat' dir='ltr'>bucolica:</span> <span class='ocrx_word' id='word_1_139' title='bbox 862 1989 907 2023; x_wconf 83' lang='lat' dir='ltr'>de</span> 
     </span>
     <span class='ocr_line' id='line_1_27' title="bbox 218 2042 906 2086; baseline 0.004 -8"><span class='ocrx_word' id='word_1_140' title='bbox 218 2042 283 2079; x_wconf 82' lang='lat' dir='ltr'>his</span> <span class='ocrx_word' id='word_1_141' title='bbox 315 2046 414 2082; x_wconf 81' lang='lat' dir='ltr'>conf.</span> <span class='ocrx_word' id='word_1_142' title='bbox 436 2045 678 2086; x_wconf 72' lang='lat' dir='ltr'>VVernsdorf.</span> <span class='ocrx_word' id='word_1_143' title='bbox 711 2048 750 2080; x_wconf 90' lang='lat' dir='ltr'>P.</span> <span class='ocrx_word' id='word_1_144' title='bbox 779 2047 823 2081; x_wconf 86' lang='lat' dir='ltr'>L.</span> <span class='ocrx_word' id='word_1_145' title='bbox 851 2046 906 2081; x_wconf 87' lang='lat' dir='ltr'>M.</span> 
     </span>
     <span class='ocr_line' id='line_1_28' title="bbox 221 2101 794 2151; baseline -0.007 -11"><span class='ocrx_word' id='word_1_146' title='bbox 221 2101 293 2140; x_wconf 74' lang='lat' dir='ltr'>TO·</span> <span class='ocrx_word' id='word_1_147' title='bbox 318 2103 380 2138; x_wconf 81' lang='lat' dir='ltr'>lv.</span> <span class='ocrx_word' id='word_1_148' title='bbox 405 2116 442 2150; x_wconf 90' lang='lat' dir='ltr'>p.</span> <span class='ocrx_word' id='word_1_149' title='bbox 468 2109 559 2145; x_wconf 65' lang='grc'><strong>804.</strong></span> <span class='ocrx_word' id='word_1_150' title='bbox 585 2113 621 2137; x_wconf 87' lang='lat' dir='ltr'>et</span> <span class='ocrx_word' id='word_1_151' title='bbox 640 2116 678 2151; x_wconf 86' lang='lat' dir='ltr'>p.</span> <span class='ocrx_word' id='word_1_152' title='bbox 701 2101 794 2146; x_wconf 81' lang='lat'>586.</span> 
     </span>
    </p>

    <p class='ocr_par' dir='ltr' id='par_1_9' title="bbox 219 2155 912 2717">
     <span class='ocr_line' id='line_1_29' title="bbox 282 2155 909 2207; baseline 0 -14"><span class='ocrx_word' id='word_1_153' title='bbox 282 2163 377 2202; x_wconf 76' lang='lat'>181.</span> <span class='ocrx_word' id='word_1_154' title='bbox 416 2159 621 2207; x_wconf 78' lang='lat' dir='ltr'>Languida</span> <span class='ocrx_word' id='word_1_155' title='bbox 666 2173 740 2194; x_wconf 83' lang='lat' dir='ltr'>non</span> <span class='ocrx_word' id='word_1_156' title='bbox 789 2155 909 2204; x_wconf 77' lang='lat' dir='ltr'>noster</span> 
     </span>
     <span class='ocr_line' id='line_1_30' title="bbox 219 2215 908 2264; baseline 0 -14"><span class='ocrx_word' id='word_1_157' title='bbox 219 2217 367 2264; x_wconf 78' lang='lat' dir='ltr'>peragit</span> <span class='ocrx_word' id='word_1_158' title='bbox 413 2216 521 2251; x_wconf 79' lang='lat' dir='ltr'>labor</span> <span class='ocrx_word' id='word_1_159' title='bbox 564 2217 670 2260; x_wconf 78' lang='lat' dir='ltr'>otia)</span> <span class='ocrx_word' id='word_1_160' title='bbox 723 2215 908 2262; x_wconf 84' lang='lat' dir='ltr'>Quamvis</span> 
     </span>
     <span class='ocr_line' id='line_1_31' title="bbox 220 2269 909 2320; baseline 0.001 -15"><span class='ocrx_word' id='word_1_161' title='bbox 220 2269 377 2310; x_wconf 74' lang='lat' dir='ltr'>fortuna</span> <span class='ocrx_word' id='word_1_162' title='bbox 409 2273 560 2311; x_wconf 72' lang='lat' dir='ltr'>adversa</span> <span class='ocrx_word' id='word_1_163' title='bbox 595 2282 697 2310; x_wconf 86' lang='lat' dir='ltr'>utar,</span> <span class='ocrx_word' id='word_1_164' title='bbox 733 2285 807 2320; x_wconf 86' lang='lat' dir='ltr'>qua</span> <span class='ocrx_word' id='word_1_165' title='bbox 838 2272 909 2306; x_wconf 82' lang='lat' dir='ltr'>fra-</span> 
     </span>
     <span class='ocr_line' id='line_1_32' title="bbox 222 2328 909 2376; baseline -0.001 -13"><span class='ocrx_word' id='word_1_166' title='bbox 222 2339 326 2366; x_wconf 85' lang='lat' dir='ltr'>ctum</span> <span class='ocrx_word' id='word_1_167' title='bbox 349 2329 519 2366; x_wconf 77' lang='lat' dir='ltr'>animum</span> <span class='ocrx_word' id='word_1_168' title='bbox 542 2329 587 2363; x_wconf 84' lang='lat' dir='ltr'>ad</span> <span class='ocrx_word' id='word_1_169' title='bbox 609 2329 758 2376; x_wconf 71' lang='lat' dir='ltr'>poetica</span> <span class='ocrx_word' id='word_1_170' title='bbox 789 2328 909 2363; x_wconf 76' lang='lat' dir='ltr'>studia</span> 
     </span>
     <span class='ocr_line' id='line_1_33' title="bbox 223 2384 910 2433; baseline 0.001 -14"><span class='ocrx_word' id='word_1_171' title='bbox 223 2384 390 2425; x_wconf 76' lang='lat' dir='ltr'>obtundi</span> <span class='ocrx_word' id='word_1_172' title='bbox 422 2386 565 2433; x_wconf 78' lang='lat' dir='ltr'>necesse</span> <span class='ocrx_word' id='word_1_173' title='bbox 597 2384 665 2425; x_wconf 84' lang='lat' dir='ltr'>est,</span> <span class='ocrx_word' id='word_1_174' title='bbox 702 2395 826 2423; x_wconf 85' lang='lat' dir='ltr'>tamen</span> <span class='ocrx_word' id='word_1_175' title='bbox 849 2398 910 2420; x_wconf 85' lang='lat' dir='ltr'>me</span> 
     </span>
     <span class='ocr_line' id='line_1_34' title="bbox 224 2441 910 2490; baseline 0.001 -14"><span class='ocrx_word' id='word_1_176' title='bbox 224 2455 302 2478; x_wconf 65' lang='lat' dir='ltr'>nun</span> <span class='ocrx_word' id='word_1_177' title='bbox 328 2444 455 2490; x_wconf 78' lang='lat' dir='ltr'>patior</span> <span class='ocrx_word' id='word_1_178' title='bbox 478 2441 647 2480; x_wconf 76' lang='lat' dir='ltr'>abstrahi</span> <span class='ocrx_word' id='word_1_179' title='bbox 681 2454 700 2475; x_wconf 87' lang='lat' dir='ltr'>a</span> <span class='ocrx_word' id='word_1_180' title='bbox 732 2441 910 2477; x_wconf 82' lang='lat' dir='ltr'>laudibus</span> 
     </span>
     <span class='ocr_line' id='line_1_35' title="bbox 224 2496 910 2549; baseline -0.006 -12"><span class='ocrx_word' id='word_1_181' title='bbox 224 2498 301 2537; x_wconf 68' lang='lat' dir='ltr'>tuis</span> <span class='ocrx_word' id='word_1_182' title='bbox 322 2499 520 2539; x_wconf 75' lang='lat' dir='ltr'>canendis:</span> <span class='ocrx_word' id='word_1_183' title='bbox 556 2509 599 2533; x_wconf 91' lang='lat' dir='ltr'>ut</span> <span class='ocrx_word' id='word_1_184' title='bbox 616 2496 684 2536; x_wconf 78' lang='lat' dir='ltr'>inf.</span> <span class='ocrx_word' id='word_1_185' title='bbox 713 2509 800 2549; x_wconf 84' lang='lat'>190.</span> <span class='ocrx_word' id='word_1_186' title='bbox 822 2510 910 2545; x_wconf 80' lang='lat'>191.</span> 
     </span>
     <span class='ocr_line' id='line_1_36' title="bbox 223 2554 912 2603; baseline -0.006 -11"><span class='ocrx_word' id='word_1_187' title='bbox 223 2556 387 2603; x_wconf 66' lang='lat' dir='ltr'>repetitz</span> <span class='ocrx_word' id='word_1_188' title='bbox 421 2555 492 2591; x_wconf 77' lang='lat' dir='ltr'>Sed</span> <span class='ocrx_word' id='word_1_189' title='bbox 515 2556 601 2590; x_wconf 74' lang='lat' dir='ltr'>licet</span> <span class='ocrx_word' id='word_1_190' title='bbox 621 2573 675 2580; x_wconf 95' lang='lat'><strong>—</strong></span> <span class='ocrx_word' id='word_1_191' title='bbox 697 2555 783 2589; x_wconf 83' lang='lat' dir='ltr'>Non</span> <span class='ocrx_word' id='word_1_192' title='bbox 805 2562 838 2588; x_wconf 80' lang='lat' dir='ltr'>te</span> <span class='ocrx_word' id='word_1_193' title='bbox 852 2554 912 2588; x_wconf 82' lang='lat' dir='ltr'>de-</span> 
     </span>
     <span class='ocr_line' id='line_1_37' title="bbox 228 2610 912 2660; baseline -0.003 -15"><span class='ocrx_word' id='word_1_194' title='bbox 228 2611 354 2654; x_wconf 69' lang='lat' dir='ltr'>ficiem</span> <span class='ocrx_word' id='word_1_195' title='bbox 386 2610 528 2660; x_wconf 68' lang='lat' dir='ltr'>nostrae</span> <span class='ocrx_word' id='word_1_196' title='bbox 560 2624 759 2646; x_wconf 84' lang='lat' dir='ltr'>memorare</span> <span class='ocrx_word' id='word_1_197' title='bbox 787 2611 912 2648; x_wconf 75' lang='lat' dir='ltr'>Came-</span> 
     </span>
     <span class='ocr_line' id='line_1_38' title="bbox 230 2668 912 2717; baseline 0.007 -18"><span class='ocrx_word' id='word_1_198' title='bbox 230 2681 308 2707; x_wconf 69' lang='lat' dir='ltr'>nae.</span> <span class='ocrx_word' id='word_1_199' title='bbox 348 2669 460 2706; x_wconf 70' lang='lat' dir='ltr'>Deest</span> <span class='ocrx_word' id='word_1_200' title='bbox 490 2668 650 2717; x_wconf 75' lang='lat' dir='ltr'>copula:</span> <span class='ocrx_word' id='word_1_201' title='bbox 680 2668 763 2705; x_wconf 80' lang='lat' dir='ltr'>Nec</span> <span class='ocrx_word' id='word_1_202' title='bbox 786 2676 912 2704; x_wconf 76' lang='lat' dir='ltr'>tamen</span> 
     </span>
    </p>
   </div>
   <div class='ocr_carea' id='block_1_7' title="bbox 1534 845 1662 970">
    <p class='ocr_par' dir='ltr' id='par_1_10' title="bbox 1534 845 1662 970">
     <span class='ocr_line' id='line_1_39' title="bbox 1556 845 1656 890; baseline 0.02 -2"><span class='ocrx_word' id='word_1_203' title='bbox 1556 849 1577 878; x_wconf 94' lang='lat'>1</span> <span class='ocrx_word' id='word_1_204' title='bbox 1591 845 1619 888; x_wconf 89' lang='grc'>8</span> <span class='ocrx_word' id='word_1_205' title='bbox 1629 845 1656 890; x_wconf 89' lang='grc'><em>5</em></span> 
     </span>
     <span class='ocr_line' id='line_1_40' title="bbox 1534 919 1662 970; baseline -0.023 0"><span class='ocrx_word' id='word_1_206' title='bbox 1534 919 1662 970; x_wconf 82' lang='lat' dir='ltr'>Cui-</span> 
     </span>
    </p>
   </div>
   <div class='ocr_carea' id='block_1_8' title="bbox 971 1084 1666 1752">
    <p class='ocr_par' dir='ltr' id='par_1_11' title="bbox 971 1084 1666 1526">
     <span class='ocr_line' id='line_1_41' title="bbox 972 1084 1663 1134; baseline -0.001 -13"><span class='ocrx_word' id='word_1_207' title='bbox 972 1084 1037 1121; x_wconf 87' lang='lat' dir='ltr'>vel</span> <span class='ocrx_word' id='word_1_208' title='bbox 1070 1085 1120 1121; x_wconf 81' lang='lat' dir='ltr'>fio</span> <span class='ocrx_word' id='word_1_209' title='bbox 1150 1084 1262 1121; x_wconf 86' lang='lat' dir='ltr'>labor</span> <span class='ocrx_word' id='word_1_210' title='bbox 1289 1085 1445 1132; x_wconf 38' lang='lat' dir='ltr'>noster,-</span> <span class='ocrx_word' id='word_1_211' title='bbox 1467 1085 1506 1121; x_wconf 84' lang='lat' dir='ltr'>h.</span> <span class='ocrx_word' id='word_1_212' title='bbox 1528 1099 1560 1121; x_wconf 91' lang='lat' dir='ltr'>e.</span> <span class='ocrx_word' id='word_1_213' title='bbox 1591 1097 1663 1134; x_wconf 88' lang='lat' dir='ltr'>ego</span> 
     </span>
     <span class='ocr_line' id='line_1_42' title="bbox 972 1141 1663 1189; baseline 0 -13"><span class='ocrx_word' id='word_1_214' title='bbox 972 1141 1209 1183; x_wconf 82' lang='lat' dir='ltr'>allaborans,</span> <span class='ocrx_word' id='word_1_215' title='bbox 1251 1155 1427 1189; x_wconf 79' lang='lat' dir='ltr'>peragam</span> <span class='ocrx_word' id='word_1_216' title='bbox 1458 1142 1596 1178; x_wconf 86' lang='lat' dir='ltr'>otium.</span> <span class='ocrx_word' id='word_1_217' title='bbox 1624 1155 1663 1177; x_wconf 84' lang='lat' dir='ltr'>v.</span> 
     </span>
     <span class='ocr_line' id='line_1_43' title="bbox 973 1197 1663 1245; baseline 0 -12"><span class='ocrx_word' id='word_1_218' title='bbox 973 1197 1078 1233; x_wconf 77' lang='lat' dir='ltr'>Obss&#39;.</span> <span class='ocrx_word' id='word_1_219' title='bbox 1113 1199 1160 1233; x_wconf 86' lang='lat' dir='ltr'>H.</span> <span class='ocrx_word' id='word_1_220' title='bbox 1204 1198 1409 1245; x_wconf 79' lang='lat' dir='ltr'>Languida</span> <span class='ocrx_word' id='word_1_221' title='bbox 1430 1219 1486 1226; x_wconf 89' lang='lat'><strong>—</strong></span> <span class='ocrx_word' id='word_1_222' title='bbox 1507 1201 1584 1235; x_wconf 79' lang='lat' dir='ltr'>otia</span> <span class='ocrx_word' id='word_1_223' title='bbox 1605 1211 1663 1245; x_wconf 81' lang='lat' dir='ltr'>pr.</span> 
     </span>
     <span class='ocr_line' id='line_1_44' title="bbox 971 1253 1664 1303; baseline -0.003 -14"><span class='ocrx_word' id='word_1_224' title='bbox 971 1255 1024 1289; x_wconf 70' lang='lat' dir='ltr'>At</span> <span class='ocrx_word' id='word_1_225' title='bbox 1042 1253 1223 1302; x_wconf 84' lang='lat' dir='ltr'>languida</span> <span class='ocrx_word' id='word_1_226' title='bbox 1249 1273 1302 1280; x_wconf 91' lang='lat'>—</span> <span class='ocrx_word' id='word_1_227' title='bbox 1327 1254 1416 1289; x_wconf 86' lang='lat' dir='ltr'>otia.</span> <span class='ocrx_word' id='word_1_228' title='bbox 1479 1254 1664 1303; x_wconf 80' lang='lat' dir='ltr'>Opposita</span> 
     </span>
     <span class='ocr_line' id='line_1_45' title="bbox 972 1310 1664 1359; baseline 0 -16"><span class='ocrx_word' id='word_1_229' title='bbox 972 1320 1064 1357; x_wconf 85' lang='lat' dir='ltr'>puta</span> <span class='ocrx_word' id='word_1_230' title='bbox 1086 1310 1178 1344; x_wconf 83' lang='lat' dir='ltr'>haec</span> <span class='ocrx_word' id='word_1_231' title='bbox 1201 1310 1540 1359; x_wconf 80' lang='lat' dir='ltr'>praecedentibus:</span> <span class='ocrx_word' id='word_1_232' title='bbox 1575 1311 1664 1353; x_wconf 73' lang='lat' dir='ltr'>Non</span> 
     </span>
     <span class='ocr_line' id='line_1_46' title="bbox 974 1364 1666 1414; baseline -0.001 -14"><span class='ocrx_word' id='word_1_233' title='bbox 974 1378 1043 1412; x_wconf 79' lang='lat' dir='ltr'>ego</span> <span class='ocrx_word' id='word_1_234' title='bbox 1080 1364 1162 1413; x_wconf 85' lang='lat' dir='ltr'>sum</span> <span class='ocrx_word' id='word_1_235' title='bbox 1199 1365 1298 1414; x_wconf 81' lang='lat' dir='ltr'>satis</span> <span class='ocrx_word' id='word_1_236' title='bbox 1334 1378 1425 1401; x_wconf 87' lang='lat' dir='ltr'>caet.</span> <span class='ocrx_word' id='word_1_237' title='bbox 1464 1387 1518 1394; x_wconf 89' lang='lat'><strong>—</strong></span> <span class='ocrx_word' id='word_1_238' title='bbox 1558 1366 1666 1400; x_wconf 70' lang='lat' dir='ltr'>labor</span> 
     </span>
     <span class='ocr_line' id='line_1_47' title="bbox 973 1421 1664 1470; baseline 0.004 -15"><span class='ocrx_word' id='word_1_239' title='bbox 973 1433 1112 1469; x_wconf 84' lang='lat' dir='ltr'>nempe</span> <span class='ocrx_word' id='word_1_240' title='bbox 1151 1421 1320 1457; x_wconf 78' lang='lat' dir='ltr'>earmina</span> <span class='ocrx_word' id='word_1_241' title='bbox 1359 1423 1565 1470; x_wconf 80' lang='lat' dir='ltr'>pangendi.</span> <span class='ocrx_word' id='word_1_242' title='bbox 1619 1422 1664 1458; x_wconf 82' lang='lat' dir='ltr'>cf.</span> 
     </span>
     <span class='ocr_line' id='line_1_48' title="bbox 974 1477 1445 1526; baseline 0.006 -15"><span class='ocrx_word' id='word_1_243' title='bbox 974 1477 1115 1526; x_wconf 81' lang='lat' dir='ltr'>Virgil.</span> <span class='ocrx_word' id='word_1_244' title='bbox 1137 1477 1217 1513; x_wconf 90' lang='lat' dir='ltr'>Ecl.</span> <span class='ocrx_word' id='word_1_245' title='bbox 1241 1478 1288 1517; x_wconf 89' lang='lat' dir='ltr'>X,</span> <span class='ocrx_word' id='word_1_246' title='bbox 1318 1491 1349 1516; x_wconf 78' lang='grc' dir='ltr'><strong>ι.</strong></span> <span class='ocrx_word' id='word_1_247' title='bbox 1380 1480 1445 1514; x_wconf 85' lang='lat' dir='ltr'>W.</span> 
     </span>
    </p>

    <p class='ocr_par' dir='ltr' id='par_1_12' title="bbox 975 1534 1665 1684">
     <span class='ocr_line' id='line_1_49' title="bbox 1035 1534 1665 1582; baseline 0 -14"><span class='ocrx_word' id='word_1_248' title='bbox 1035 1540 1124 1578; x_wconf 81' lang='lat'>183.</span> <span class='ocrx_word' id='word_1_249' title='bbox 1167 1537 1312 1582; x_wconf 82' lang='lat' dir='ltr'>magnis</span> <span class='ocrx_word' id='word_1_250' title='bbox 1360 1535 1492 1582; x_wconf 76' lang='lat' dir='ltr'>opibus</span> <span class='ocrx_word' id='word_1_251' title='bbox 1537 1534 1665 1569; x_wconf 72' lang='lat' dir='ltr'>(lomus</span> 
     </span>
     <span class='ocr_line' id='line_1_50' title="bbox 975 1592 1664 1636; baseline -0.006 -8"><span class='ocrx_word' id='word_1_252' title='bbox 975 1592 1053 1628; x_wconf 75' lang='lat' dir='ltr'>alta</span> <span class='ocrx_word' id='word_1_253' title='bbox 1082 1592 1234 1636; x_wconf 76' lang='lat' dir='ltr'>niteret)</span> <span class='ocrx_word' id='word_1_254' title='bbox 1266 1592 1401 1627; x_wconf 80' lang='lat' dir='ltr'>Horat.</span> <span class='ocrx_word' id='word_1_255' title='bbox 1438 1594 1485 1626; x_wconf 87' lang='lat' dir='ltr'>II.</span> <span class='ocrx_word' id='word_1_256' title='bbox 1523 1592 1595 1625; x_wconf 80' lang='lat' dir='ltr'>Sat.</span> <span class='ocrx_word' id='word_1_257' title='bbox 1626 1597 1664 1634; x_wconf 82' lang='lat'>5,</span> 
     </span>
     <span class='ocr_line' id='line_1_51' title="bbox 979 1659 1040 1684; baseline 0.033 -2"><span class='ocrx_word' id='word_1_258' title='bbox 979 1659 1040 1684; x_wconf 82' lang='lat'>12.</span> 
     </span>
    </p>

    <p class='ocr_par' dir='ltr' id='par_1_13' title="bbox 1029 1703 1666 1752">
     <span class='ocr_line' id='line_1_52' title="bbox 1029 1703 1666 1752; baseline -0.008 -10"><span class='ocrx_word' id='word_1_259' title='bbox 1029 1705 1105 1742; x_wconf 82' lang='lat' dir='ltr'>Res</span> <span class='ocrx_word' id='word_1_260' title='bbox 1128 1704 1188 1740; x_wconf 79' lang='lat' dir='ltr'>ubi</span> <span class='ocrx_word' id='word_1_261' title='bbox 1209 1719 1343 1752; x_wconf 81' lang='lat' dir='ltr'>magna</span> <span class='ocrx_word' id='word_1_262' title='bbox 1365 1706 1482 1745; x_wconf 80' lang='lat' dir='ltr'>nitet,</span> <span class='ocrx_word' id='word_1_263' title='bbox 1513 1703 1666 1740; x_wconf 76' lang='lat' dir='ltr'>domino</span> 
     </span>
    </p>
   </div>
   <div class='ocr_carea' id='block_1_9' title="bbox 1246 1762 1349 1810">
    <p class='ocr_par' dir='ltr' id='par_1_14' title="bbox 1246 1762 1349 1810">
     <span class='ocr_line' id='line_1_53' title="bbox 1246 1762 1349 1810; baseline -0.01 -14"><span class='ocrx_word' id='word_1_264' title='bbox 1246 1762 1349 1810; x_wconf 83' lang='lat' dir='ltr'>sene.</span> 
     </span>
    </p>
   </div>
   <div class='ocr_carea' id='block_1_10' title="bbox 969 1815 1667 2706">
    <p class='ocr_par' dir='ltr' id='par_1_15' title="bbox 969 1815 1667 1924">
     <span class='ocr_line' id='line_1_54' title="bbox 979 1815 1667 1866; baseline -0.007 -11"><span class='ocrx_word' id='word_1_265' title='bbox 979 1820 1122 1856; x_wconf 82' lang='lat' dir='ltr'>Contra</span> <span class='ocrx_word' id='word_1_266' title='bbox 1171 1818 1211 1853; x_wconf 92' lang='lat' dir='ltr'>in</span> <span class='ocrx_word' id='word_1_267' title='bbox 1263 1826 1485 1866; x_wconf 79' lang='lat' dir='ltr'>paupertate</span> <span class='ocrx_word' id='word_1_268' title='bbox 1537 1815 1667 1851; x_wconf 83' lang='lat' dir='ltr'>omnia</span> 
     </span>
     <span class='ocr_line' id='line_1_55' title="bbox 969 1873 1419 1924; baseline -0.009 -13"><span class='ocrx_word' id='word_1_269' title='bbox 969 1875 1160 1924; x_wconf 81' lang='lat' dir='ltr'>squalent,</span> <span class='ocrx_word' id='word_1_270' title='bbox 1194 1873 1419 1924; x_wconf 71' lang='lat' dir='ltr'>sordescunt.</span> 
     </span>
    </p>

    <p class='ocr_par' dir='ltr' id='par_1_16' title="bbox 975 1928 1667 2310">
     <span class='ocr_line' id='line_1_56' title="bbox 1039 1928 1666 1978; baseline -0.01 -10"><span class='ocrx_word' id='word_1_271' title='bbox 1039 1948 1054 1968; x_wconf 92' lang='lat'>1</span> <span class='ocrx_word' id='word_1_272' title='bbox 1065 1939 1129 1978; x_wconf 80' lang='lat'>34.</span> <span class='ocrx_word' id='word_1_273' title='bbox 1161 1933 1320 1966; x_wconf 72' lang='lat' dir='ltr'>ditantes</span> <span class='ocrx_word' id='word_1_274' title='bbox 1332 1928 1562 1977; x_wconf 80' lang='lat' dir='ltr'>ordinesulci</span> <span class='ocrx_word' id='word_1_275' title='bbox 1573 1930 1666 1963; x_wconf 82' lang='lat' dir='ltr'>Hor-</span> 
     </span>
     <span class='ocr_line' id='line_1_57' title="bbox 976 1985 1667 2033; baseline -0.01 -8"><span class='ocrx_word' id='word_1_276' title='bbox 976 1993 1064 2033; x_wconf 84' lang='lat' dir='ltr'>rea)</span> <span class='ocrx_word' id='word_1_277' title='bbox 1120 1989 1183 2023; x_wconf 86' lang='lat' dir='ltr'>seu</span> <span class='ocrx_word' id='word_1_278' title='bbox 1235 1987 1410 2022; x_wconf 81' lang='lat' dir='ltr'>ordinem</span> <span class='ocrx_word' id='word_1_279' title='bbox 1473 1985 1667 2020; x_wconf 86' lang='lat' dir='ltr'>sulcorum</span> 
     </span>
     <span class='ocr_line' id='line_1_58' title="bbox 977 2037 1667 2083; baseline -0.006 -4"><span class='ocrx_word' id='word_1_280' title='bbox 977 2047 1106 2080; x_wconf 86' lang='lat' dir='ltr'>animo</span> <span class='ocrx_word' id='word_1_281' title='bbox 1150 2044 1351 2083; x_wconf 83' lang='lat' dir='ltr'>subiicias,</span> <span class='ocrx_word' id='word_1_282' title='bbox 1411 2037 1470 2077; x_wconf 75' lang='lat' dir='ltr'>seu</span> <span class='ocrx_word' id='word_1_283' title='bbox 1509 2042 1667 2076; x_wconf 80' lang='lat' dir='ltr'>ditantes</span> 
     </span>
     <span class='ocr_line' id='line_1_59' title="bbox 978 2098 1666 2149; baseline -0.006 -13"><span class='ocrx_word' id='word_1_284' title='bbox 978 2102 1106 2137; x_wconf 80' lang='lat' dir='ltr'>ordine</span> <span class='ocrx_word' id='word_1_285' title='bbox 1126 2102 1274 2149; x_wconf 79' lang='lat' dir='ltr'>iungas,</span> <span class='ocrx_word' id='word_1_286' title='bbox 1308 2099 1397 2147; x_wconf 88' lang='lat' dir='ltr'>quia</span> <span class='ocrx_word' id='word_1_287' title='bbox 1421 2109 1594 2146; x_wconf 87' lang='lat' dir='ltr'>tempore</span> <span class='ocrx_word' id='word_1_288' title='bbox 1615 2098 1666 2132; x_wconf 86' lang='lat' dir='ltr'>se-</span> 
     </span>
     <span class='ocr_line' id='line_1_60' title="bbox 976 2156 1666 2206; baseline -0.009 -12"><span class='ocrx_word' id='word_1_289' title='bbox 976 2169 1080 2206; x_wconf 84' lang='lat' dir='ltr'>getes</span> <span class='ocrx_word' id='word_1_290' title='bbox 1102 2170 1276 2206; x_wconf 81' lang='lat' dir='ltr'>quaeque</span> <span class='ocrx_word' id='word_1_291' title='bbox 1297 2156 1376 2196; x_wconf 81' lang='lat' dir='ltr'>suo,</span> <span class='ocrx_word' id='word_1_292' title='bbox 1412 2167 1491 2189; x_wconf 88' lang='lat' dir='ltr'>non</span> <span class='ocrx_word' id='word_1_293' title='bbox 1510 2163 1666 2189; x_wconf 82' lang='lat' dir='ltr'>cunctae</span> 
     </span>
     <span class='ocr_line' id='line_1_61' title="bbox 975 2207 1665 2256; baseline -0.004 -7"><span class='ocrx_word' id='word_1_294' title='bbox 975 2214 1102 2256; x_wconf 83' lang='lat' dir='ltr'>simul,</span> <span class='ocrx_word' id='word_1_295' title='bbox 1134 2207 1404 2252; x_wconf 55' lang='lat' dir='ltr'>manifestum,</span> <span class='ocrx_word' id='word_1_296' title='bbox 1430 2221 1474 2246; x_wconf 89' lang='lat' dir='ltr'>ut</span> <span class='ocrx_word' id='word_1_297' title='bbox 1488 2208 1665 2246; x_wconf 76' lang='lat' dir='ltr'>Broukh.</span> 
     </span>
     <span class='ocr_line' id='line_1_62' title="bbox 976 2267 1449 2310; baseline -0.019 0"><span class='ocrx_word' id='word_1_298' title='bbox 976 2271 1147 2310; x_wconf 69' lang='lat' dir='ltr'>faciebat.</span> <span class='ocrx_word' id='word_1_299' title='bbox 1183 2270 1254 2305; x_wconf 85' lang='lat' dir='ltr'>Sed</span> <span class='ocrx_word' id='word_1_300' title='bbox 1284 2282 1321 2303; x_wconf 82' lang='lat' dir='ltr'>v.</span> <span class='ocrx_word' id='word_1_301' title='bbox 1344 2267 1449 2302; x_wconf 79' lang='lat' dir='ltr'>Obff.</span> 
     </span>
    </p>

    <p class='ocr_par' dir='ltr' id='par_1_17' title="bbox 978 2323 1667 2706">
     <span class='ocr_line' id='line_1_63' title="bbox 1041 2323 1666 2372; baseline -0.006 -11"><span class='ocrx_word' id='word_1_302' title='bbox 1041 2334 1128 2372; x_wconf 85' lang='lat'>¹85·</span> <span class='ocrx_word' id='word_1_303' title='bbox 1163 2329 1320 2364; x_wconf 67' lang='lat' dir='ltr'>Hom-ea,</span> <span class='ocrx_word' id='word_1_304' title='bbox 1363 2323 1575 2370; x_wconf 78' lang='lat' dir='ltr'>deficientia</span> <span class='ocrx_word' id='word_1_305' title='bbox 1616 2323 1666 2356; x_wconf 78' lang='lat' dir='ltr'>ad</span> 
     </span>
     <span class='ocr_line' id='line_1_64' title="bbox 979 2381 1664 2433; baseline -0.01 -14"><span class='ocrx_word' id='word_1_306' title='bbox 979 2382 1104 2433; x_wconf 79' lang='lat' dir='ltr'>meffes</span> <span class='ocrx_word' id='word_1_307' title='bbox 1128 2383 1333 2431; x_wconf 79' lang='lat' dir='ltr'>fecundas)</span> <span class='ocrx_word' id='word_1_308' title='bbox 1374 2381 1545 2419; x_wconf 83' lang='lat' dir='ltr'>minora,</span> <span class='ocrx_word' id='word_1_309' title='bbox 1586 2391 1664 2415; x_wconf 81' lang='lat' dir='ltr'>non</span> 
     </span>
     <span class='ocr_line' id='line_1_65' title="bbox 978 2435 1666 2491; baseline -0.013 -15"><span class='ocrx_word' id='word_1_310' title='bbox 978 2442 1063 2476; x_wconf 74' lang='lat' dir='ltr'>satis</span> <span class='ocrx_word' id='word_1_311' title='bbox 1085 2439 1221 2491; x_wconf 80' lang='lat' dir='ltr'>ampla.</span> <span class='ocrx_word' id='word_1_312' title='bbox 1254 2439 1414 2472; x_wconf 74' lang='lat' dir='ltr'>distenta</span> <span class='ocrx_word' id='word_1_313' title='bbox 1442 2436 1554 2485; x_wconf 81' lang='lat' dir='ltr'>spicis</span> <span class='ocrx_word' id='word_1_314' title='bbox 1582 2435 1666 2468; x_wconf 72' lang='lat' dir='ltr'>hor·-</span> 
     </span>
     <span class='ocr_line' id='line_1_66' title="bbox 979 2491 1663 2544; baseline -0.012 -12"><span class='ocrx_word' id='word_1_315' title='bbox 979 2511 1042 2533; x_wconf 77' lang='grc' dir='ltr'>νεα</span> <span class='ocrx_word' id='word_1_316' title='bbox 1066 2497 1142 2544; x_wconf 83' lang='lat' dir='ltr'>[up.</span> <span class='ocrx_word' id='word_1_317' title='bbox 1164 2498 1219 2536; x_wconf 63' lang='lat'>11‚1</span> <span class='ocrx_word' id='word_1_318' title='bbox 1241 2502 1276 2537; x_wconf 85' lang='lat'>5,</span> <span class='ocrx_word' id='word_1_319' title='bbox 1300 2500 1366 2541; x_wconf 61' lang='lat'>84.</span> <span class='ocrx_word' id='word_1_320' title='bbox 1397 2493 1464 2527; x_wconf 81' lang='lat' dir='ltr'>ubi</span> <span class='ocrx_word' id='word_1_321' title='bbox 1493 2505 1531 2527; x_wconf 83' lang='lat' dir='ltr'>v.</span> <span class='ocrx_word' id='word_1_322' title='bbox 1557 2491 1663 2528; x_wconf 77' lang='lat' dir='ltr'>Obff.</span> 
     </span>
     <span class='ocr_line' id='line_1_67' title="bbox 981 2548 1665 2598; baseline -0.013 -9"><span class='ocrx_word' id='word_1_323' title='bbox 981 2552 1088 2589; x_wconf 83' lang='lat' dir='ltr'>Talia</span> <span class='ocrx_word' id='word_1_324' title='bbox 1109 2553 1247 2588; x_wconf 81' lang='lat' dir='ltr'>horrea</span> <span class='ocrx_word' id='word_1_325' title='bbox 1270 2551 1388 2598; x_wconf 81' lang='lat' dir='ltr'>rumpi</span> <span class='ocrx_word' id='word_1_326' title='bbox 1423 2548 1523 2582; x_wconf 79' lang='lat' dir='ltr'>dixit</span> <span class='ocrx_word' id='word_1_327' title='bbox 1553 2549 1665 2581; x_wconf 78' lang='lat' dir='ltr'>Maro</span> 
     </span>
     <span class='ocr_line' id='line_1_68' title="bbox 981 2611 1667 2656; baseline -0.012 -12"><span class='ocrx_word' id='word_1_328' title='bbox 981 2611 1047 2645; x_wconf 88' lang='lat' dir='ltr'>Ge.</span> <span class='ocrx_word' id='word_1_329' title='bbox 1078 2611 1108 2651; x_wconf 85' lang='grc' dir='ltr'>Ι,</span> <span class='ocrx_word' id='word_1_330' title='bbox 1138 2615 1203 2656; x_wconf 71' lang='lat'>49.</span> <span class='ocrx_word' id='word_1_331' title='bbox 1240 2617 1276 2642; x_wconf 83' lang='lat' dir='ltr'>et</span> <span class='ocrx_word' id='word_1_332' title='bbox 1301 2615 1496 2655; x_wconf 71' lang='lat' dir='ltr'>proventu</span> <span class='ocrx_word' id='word_1_333' title='bbox 1524 2614 1667 2641; x_wconf 81' lang='lat' dir='ltr'>annum</span> 
     </span>
     <span class='ocr_line' id='line_1_69' title="bbox 980 2662 1567 2706; baseline -0.017 -2"><span class='ocrx_word' id='word_1_334' title='bbox 980 2668 1122 2704; x_wconf 76' lang='lat' dir='ltr'>vincere</span> <span class='ocrx_word' id='word_1_335' title='bbox 1142 2665 1282 2701; x_wconf 77' lang='lat' dir='ltr'>hon-ea</span> <span class='ocrx_word' id='word_1_336' title='bbox 1307 2663 1374 2699; x_wconf 84' lang='lat' dir='ltr'>Ge.</span> <span class='ocrx_word' id='word_1_337' title='bbox 1400 2662 1448 2703; x_wconf 86' lang='grc' dir='ltr'>ΙΙ,</span> <span class='ocrx_word' id='word_1_338' title='bbox 1473 2667 1567 2706; x_wconf 76' lang='grc' dir='ltr'>5ι8,</span> 
     </span>
    </p>
   </div>
  </div>
 </body>
</html>
