1752 2974
514 100 517 102 ’
551 99 628 135 ΕΤ
661 94 1102 134 CORRIGENDA.
1497 89 1548 126 15

227 209 315 247 Post
344 212 449 249 hunc
478 212 538 249 Io.
565 213 695 247 Henr.
724 208 883 252 Vcffuc
913 205 1008 242 duas
1040 204 1188 241 curavit
1217 203 1418 249 editiones,
1449 214 1545 251 quae

114 278 215 313 intra
250 280 363 315 unius
395 280 484 315 anni
518 276 682 327 spatium
712 275 837 311 lucem
871 273 1064 310 viderunt.

228 344 374 383 Albzlas
409 345 587 383 Tibullus
611 351 650 380 et
671 342 935 392 Lygdamus,
976 340 1157 377 coelicam
1190 351 1259 387 ope
1287 333 1489 372 emendati
1517 348 1545 370 a

111 411 177 448 Io.
202 413 362 448 Ilenr.
392 412 527 461 Voss.
560 409 808 458 Heidelberg.
839 407 939 458 apud
963 407 1076 443 Mohr
1097 413 1134 442 ct
1155 405 1324 439 Zimmer
1353 403 1470 438 1811.
1504 401 1544 436 8.

222 479 372 517 Albius
402 479 580 515 Tibullus
602 477 691 515 und
709 475 964 527 Lygdamus,
994 473 1102 510 nach
1124 469 1452 522 Handsclzrzssften
1473 468 1543 504 be-

110 545 297 595 riehtlget
314 561 388 584 ron
417 547 520 583 Jolz.
544 545 725 583 Heinr.
754 544 895 594 Voss.
927 542 980 579 ib.
1001 540 1106 590 apud
1132 538 1236 575 eosd.
1264 540 1382 575 1811.
1413 537 1452 574 ὃ.

221 616 265 649 In
288 615 419 664 priore
439 614 591 663 quidem
613 612 782 647 editione
804 608 957 646 nonnisi
978 622 1076 645 nova
1100 615 1221 644 textus
1241 603 1408 642 recensio
1429 603 1542 640 exhi-

106 681 242 728 betur3
296 682 336 717 in
371 682 487 718 altera
519 694 610 716 vero
640 679 842 714 adiunctus
874 676 927 713 est
956 677 1070 712 etiam
1101 672 1423 719 commentarius,
1464 685 1539 723 quo

105 748 166 785 vel
198 749 402 796 lectiones,
450 761 543 797 quas
573 746 740 797 recepit,
788 745 851 782 vel
884 744 1121 781 coniecturas
1150 754 1267 791 quum
1296 738 1381 776 suas
1410 737 1539 789 ipsius,

105 823 185 851 tum
217 816 403 864 aliorum,
437 829 529 864 quas
552 814 708 860 intulit,
741 813 947 849 defendere
970 810 1129 847 studuit.
1190 808 1252 844 Ad
1278 815 1420 843 textum
1446 820 1538 844 vero

103 883 411 920 constituendum
442 882 622 919 undecim
650 881 715 917 ille
737 880 886 926 Codd.‚
919 879 1094 916 nondum
1128 877 1302 921 collatis,
1342 884 1378 911 et
1407 874 1539 911 multis

100 959 296 1000 praeterea
333 951 569 987 editionibus
601 950 887 1000 antiquioribus
917 946 1006 984 usus
1029 955 1121 983 erat.
1176 944 1368 982 Iudicium
1399 941 1446 978 de
1465 940 1540 977 hac

101 1017 270 1054 editione
299 1019 404 1068 apud
437 1019 532 1055 alios
562 1018 662 1056 esto:
713 1018 826 1054 nobis
858 1015 948 1053 satis
976 1013 1029 1051 est
1058 1028 1138 1050 eam
1171 1008 1367 1049 indicasse.
1396 1029 1451 1037 -—

199 1086 390 1136 Deinceps
417 1087 476 1125 vir
498 1085 742 1131 doctissimus,
771 1085 1010 1123 Jmmanzael.
1034 1082 1180 1129 Georg.
1202 1078 1409 1129 Huschke,
1438 1078 1538 1113 Pro-

101 1150 215 1187 feffor
247 1153 549 1200 Rostochienfis,
589 1155 654 1203 qui
683 1161 719 1189 et
750 1154 830 1202 ipse
851 1151 1053 1187 Tibullum
1083 1163 1167 1185 cum
1192 1145 1269 1183 suis
1290 1144 1540 1181 animadver-

97 1217 268 1255 fionibus
305 1221 477 1258 editurus
507 1220 582 1264 est,
630 1233 734 1255 anno
770 1218 1057 1255 MDCCCXHI.
1096 1217 1263 1265 primam
1293 1212 1386 1248 libri
1416 1212 1538 1261 primi

98 1284 283 1334 elegiam,
323 1285 545 1336 speciminis
570 1287 679 1332 loco,
723 1283 916 1321 recensuit
945 1293 1057 1332 atque
1085 1278 1315 1325 illustravit3
1344 1292 1446 1314 anno
1471 1279 1539 1313 in-

98 1350 280 1401 sequente
309 1355 469 1391 eandem
501 1355 679 1404 repetiit,
735 1361 848 1401 atque
880 1352 1034 1388 tertium
1067 1357 1103 1385 et
1129 1347 1331 1399 septimum
1363 1345 1536 1382 eiusdem

97 1419 189 1455 libri
221 1434 372 1458 carmen
405 1422 594 1458 adiunxit.

213 1489 332 1527 Alba·
368 1490 519 1528 Tibulli
549 1491 718 1539 Elegiae
749 1497 853 1533 tres,
904 1486 1180 1531 diversitatem
1210 1481 1396 1518 lectionis
1432 1481 1536 1532 Vos-

84 1562 234 1606 sianue
261 1559 441 1608 suasque
484 1558 853 1602 animadversiones
883 1555 1036 1591 adiecit
1066 1554 1155 1591 lm.
1191 1549 1239 1588 G.
1269 1550 1324 1586 H
1328 1563 1354 1585 ιι
1358 1548 1395 1598 s
1396 1547 1531 1585 chke.

97 1625 276 1663 Rostocli.
310 1640 373 1674 ap.
401 1625 534 1661 Adler.
573 1626 692 1662 1814.
735 1626 772 1660 4.

209 1692 411 1730 Novissima
437 1694 552 1729 totius
584 1692 739 1729 Tibulli
771 1689 890 1728 editio
922 1688 1085 1725 debetur
1119 1685 1240 1723 Conr.
1262 1684 1333 1722 Al.
1354 1684 1531 1727 Bauero,

97 1763 177 1813 regi
195 1763 330 1798 Bavar.
357 1774 376 1796 a
400 1758 529 1797 confil.
554 1760 666 1810 legat.

209 1830 356 1867 Albius
386 1826 582 1865 Tibullus.
633 1830 723 1865 stsit
747 1824 942 1877 teutscher
976 1823 1285 1874 Uebersetzung,
1317 1819 1406 1857 und
1422 1821 1532 1856 einer

94 1896 301 1936 Aaswalzl
322 1895 391 1931 der
412 1895 732 1944 vorziiglic·hsten
750 1892 983 1944 pric'fimden
1009 1892 1098 1939 *asaal
1127 1889 1407 1927 ‹er-laifacernclen
1432 1887 1530 1924 An·-

93 1967 339 2016 merkzmgen
366 1965 659 2016 verschiedener
682 1962 905 2001 Gelelzrlen.
953 1959 1074 1997 1816.
1118 1959 1156 1994 4.

209 2035 293 2079 Qua
323 2032 514 2080 editione,
555 2045 674 2082 quum
701 2044 771 2081 per
792 2027 1047 2078 bibliopolam
1070 2038 1150 2061 non
1170 2023 1383 2070 vendatur,
1416 2021 1529 2058 ideo-

96 2115 169 2151 que
200 2101 335 2150 paucis
370 2108 518 2137 tantum
546 2098 778 2143 innotuerit,
830 2096 923 2146 quid
957 2102 1088 2131 auctor
1122 2090 1315 2142 praestare
1347 2090 1529 2137 voluerit,

94 2169 266 2205 breviter
294 2181 542 2218 exponamus.
601 2169 647 2203 In
675 2165 914 2216 praefatione
945 2163 1114 2214 primum
1139 2161 1247 2197 docte
1276 2157 1451 2195 disseruit
1479 2158 1527 2194 de

94 2237 171 2274 vita
198 2236 367 2282 Tibulli,
412 2237 535 2286 deque
569 2243 741 2284 tempore
771 2246 888 2282 quum
916 2230 1032 2282 ipfius
1069 2237 1228 2280 poetae,
1269 2239 1344 2276 quo
1372 2225 1526 2269 vixerit,

94 2313 174 2342 tum
197 2304 430 2351 carminum,
462 2318 536 2353 quo
558 2301 818 2353 probabiliter
843 2298 984 2350 scripta
1012 2297 1107 2345 fint,
1138 2295 1352 2333 accuratius
1379 2292 1527 2330 consti-

94 2373 263 2417 tuendo,
303 2371 443 2408 deinde
466 2372 512 2408 de
534 2371 650 2411 Voffii
678 2369 846 2415 ratione,
887 2368 953 2418 qui
975 2367 1131 2404 tertium
1150 2364 1359 2414 elegiarum
1379 2362 1526 2398 librum

93 2441 291 2491 Lygdamo
326 2437 536 2485 adscribit,
586 2446 624 2475 et
657 2438 810 2474 carmen
844 2435 894 2471 ad
924 2433 1119 2471 Messalam
1150 2431 1307 2468 Tibullo
1338 2429 1526 2475 vindicat,

94 2509 189 2557 quid
215 2506 385 2553 censeat,
413 2508 545 2557 paucis
578 2504 809 2549 declaravit,
853 2503 1019 2552 denique
1045 2499 1236 2538 nonnulla
1259 2499 1306 2535 de
1337 2497 1527 2534 editioni-

94 2575 167 2614 bus
195 2575 311 2614 huius
339 2583 475 2628 poetae
511 2573 663 2613 adiecit.
733 2571 870 2610 Textui
902 2584 922 2608 e
953 2570 1109 2621 regione
1145 2565 1275 2619 posuit
1312 2563 1522 2606 versionem

1427 2646 1516 2672 vcr-
