1752 2974
177 170 299 203 Lxlv
575 163 607 203 v
639 165 657 201 1
688 165 719 200 Τ
750 165 781 199 Α
841 163 873 197 Τ
907 165 919 199 1
953 166 977 199 b·
1017 163 1047 202 V
1080 165 1109 200 Ι.
1139 166 1169 201 1„
1198 167 1228 201 1.

174 276 294 314 vitam
312 289 423 327 agere
443 275 633 321 decrevit,
651 277 698 324 y)
736 274 804 310 uhi
827 284 991 314 remotus
1011 290 1030 313 a
1051 274 1211 327 strepitu
1233 291 1360 314 rerum
1384 278 1620 319 urbanarum

164 345 350 399 salubres
369 348 470 383 inter
479 347 612 392 silvas
633 348 670 392 z)
708 344 882 393 Epicuri
899 354 1098 394 reptaret,
1129 355 1367 399 cat-aretque
1392 362 1468 398 per
1497 353 1620 387 otium

173 415 374 468 quidquid
389 416 578 466 sapiente
609 413 785 463 bonoque
816 415 976 452 maxime
1003 415 1172 465 dignum
1201 416 1310 452 soret.
1389 418 1440 454 Μ.
1470 418 1620 455 Valerii

172 484 351 522 Messalae
383 484 565 527 Corvini,
616 480 753 518 summi
783 482 881 530 viri,
922 484 1120 535 triumpho
1151 486 1384 535 Aquitanico
1425 486 1618 533 notiffimi,

173 555 294 591 cliens
318 562 354 590 et
383 566 507 589 comes
534 558 743 601 perpetuus
768 550 917 606 fuit3a)
947 567 1059 604 quern
1083 568 1200 604 quum
1224 555 1262 590 in
1283 553 1408 591 Afiam
1421 556 1465 603 l»)
1493 555 1619 605 profi-

173 621 377 660 ciscentem
409 622 546 657 itinere
579 620 773 657 maritimo
801 618 949 658 secutus
979 621 1090 670 esset,
1130 625 1320 675 Corcyrae
1351 625 1457 674 gravi
1482 625 1618 662 morbo

171 701 370 741 correptus
400 689 597 726 decubuit.
653 690 783 737 Quum
821 688 912 726 effet
951 691 992 727 in
1034 705 1179 730 amores
1219 694 1352 744 paullo
1391 693 1617 744 proclivior,

172 761 312 810 quibus
332 761 445 795 ctiam
461 758 635 796 colendis
654 767 690 795 et
709 759 899 809 agitandis
919 767 1080 810 propter
1098 762 1174 798 oris
1193 763 1420 812 elegantiam
1431 767 1465 808 c)
1496 764 1617 800 factus

168 829 396 874 videbatur,
439 828 619 879 inprimis
648 828 799 865 Deliam
830 829 1077 879 puellam,d)
1115 843 1206 866 vero
1234 833 1389 869 nomine
1415 833 1615 878 Plautiam,

169 897 225 935 uti
237 897 425 948 Apuleius
446 901 483 945 e)
512 896 616 936 testis
636 896 702 945 est,
734 898 882 936 dilexit.

166 1087 368 1129 ademtam,
410 1095 513 1134 parte
554 1088 688 1122 relicta.
732 1087 804 1122 vid.
829 1090 859 1123 Ι.

166 1146 258 1189 eleg.
285 1154 314 1185 ι,
345 1154 397 1189 19.
443 1145 570 1189 Itaque
593 1146 702 1178 etiam
727 1144 860 1189 acc-zsos

164 1213 277 1247 agros
295 1203 415 1245 legere
431 1202 556 1234 malim
571 1202 638 1241 IV,
665 1211 693 1242 1,
718 1202 793 1246 189.

203 1260 252 1302 y)
278 1258 416 1292 Amore
435 1260 530 1291 vitae
557 1255 704 1291 rusticae
719 1283 728 1299 ‚
759 1265 857 1291 tran-

164 1316 298 1360 quinae
332 1316 426 1348 illius
451 1321 488 1347 et
510 1313 664 1355 securae,
690 1313 734 1347 ab
759 1317 859 1348 omni

163 1371 361 1415 cupiditate
399 1378 436 1404 et
476 1370 673 1405 ambitione
707 1371 856 1411 alienae,

162 1437 248 1461 eum
275 1430 467 1472 praecipue
492 1426 640 1459 ductum
657 1425 782 1466 fuisse,
808 1438 857 1461 ex

162 1485 264 1517 nullo
297 1495 372 1516 non
403 1486 479 1516 eius
512 1484 670 1516 carmine
695 1490 853 1527 apparet.

160 1539 259 1574 Huic
304 1542 419 1573 amori
461 1549 528 1572 nos
565 1537 856 1583 aequabilitatem

159 1597 261 1631 iliam
296 1604 331 1629 et
364 1595 628 1641 simplicitatem
659 1595 855 1639 eleg-iarum

159 1652 290 1686 harum
314 1651 444 1686 debere
466 1659 570 1697 puto.

207 1711 245 1752 z)
272 1709 392 1742 Habet
409 1708 480 1741 hoc
498 1708 656 1751 Vulpius
674 1717 722 1740 ex
740 1709 853 1740 inter-

157 1769 362 1812 pretatione
389 1762 610 1798 Broukhufii
637 1771 672 1797 et
699 1764 852 1798 aliorum

157 1822 280 1857 versus
298 1822 444 1856 Horatii
461 1822 491 1855 Ι.
517 1818 618 1865 epist.
637 1829 670 1862 4,
693 1831 726 1862 4.

206 1880 269 1913 An
294 1879 445 1911 tacitum
463 1877 581 1921 silvas
599 1878 694 1911 inter
707 1884 852 1923 reptare

427 1934 606 1979 salubres,

204 1994 410 2034 curantem,
436 1992 607 2037 quicquid
620 1992 768 2037 dignum
776 1991 848 2036 sa·-

428 2049 554 2093 piente
575 2047 732 2094 bonoque
752 2048 811 2092 est.

155 2104 230 2142 Sed
255 2104 321 2139 has
343 2104 447 2139 fflvas
474 2116 537 2138 cur
551 2104 698 2149 Epicuri
716 2103 849 2139 faciant

153 2164 224 2197 viri
242 2160 361 2200 docti,
384 2161 538 2195 cauffam
563 2172 638 2195 non
661 2161 778 2196 video.

198 2218 239 2261 a)
263 2218 308 2251 In
331 2219 407 2252 eius
432 2216 668 2251 contubernio
692 2217 762 2252 suit
780 2230 846 2252 no-

153 2272 241 2315 ἦεν,
265 2281 306 2307 ut
326 2281 449 2307 auctor
471 2276 565 2307 vitae
585 2277 661 2308 eius
687 2273 843 2316 testatur,

152 2338 191 2364 et
215 2329 292 2375 ipse
315 2329 482 2364 Tibullus
502 2332 531 2371 Ι,
557 2331 592 2372 3,
624 2343 656 2364 2.
690 2343 843 2377 eumque

149 2389 192 2421 in
219 2387 353 2421 Gallias
379 2386 548 2431 sequutus
575 2385 644 2429 est,
677 2396 717 2421 ut
741 2399 788 2421 ex
811 2389 841 2422 Ι.

151 2444 243 2488 eleg.
270 2456 302 2489 7.
338 2441 483 2477 constat.
553 2443 594 2478 Si
624 2444 772 2478 Mess‘ala
796 2444 840 2478 ab

149 2499 260 2535 Aetio
276 2502 447 2544 protinus-
455 2504 493 2533 in
503 2500 738 2546 Aquitaniam
756 2502 840 2534 mis-

149 2555 208 2589 l'us
228 2554 296 2596 est,
323 2564 363 2590 ut
381 2556 425 2589 ad
442 2558 472 2591 I.
499 2559 590 2602 eleg.
610 2566 641 2598 3.
668 2558 839 2602 probabi—

148 2622 249 2653 mus,
276 2621 312 2646 et
336 2612 453 2657 ipsum
472 2613 715 2648 Tibullumffn
735 2614 838 2648 claffe

145 2666 251 2701 fuffl'e
280 2669 468 2713 probabile
495 2668 555 2705 est.
601 2670 678 2705 Nili
705 2671 835 2704 Melsa—

144 2722 237 2765 lam,
288 2733 480 2772 antequam
519 2729 557 2764 in
601 2726 846 2773 Aquitaniam>

942 896 1116 936 Nemefin
1142 899 1324 951 deinceps
1338 902 1392 950 f)
1413 902 1619 939 libertinae

1519 985 1629 1025 con-„¹

925 1097 1103 1133 pergeret,
1146 1089 1301 1124 Romam
1345 1089 1467 1124 adiiffe
1505 1090 1612 1124 dicas.

926 1144 1023 1178 Huic
1064 1145 1181 1179 noster
1222 1146 1354 1180 librum
1390 1150 1548 1191 primum
1580 1155 1615 1180 et

926 1202 1079 1236 alterum
1112 1202 1322 1247 inst-ripfiss'e
1347 1201 1505 1242 videtum
1539 1214 1614 1237 11011.

924 1269 1010 1292 vero
1029 1267 1145 1293 totum
1165 1271 1276 1303 opus,
1311 1266 1350 1291 ut
1371 1259 1553 1302 Cyllenius
1575 1262 1615 1293 in

923 1317 1002 1348 eius
1027 1317 1119 1348 vita:
1154 1316 1217 1348 Ad
1235 1314 1422 1357 ⁴Meffalam
1441 1316 1507 1348 lzoc
1525 1327 1615 1360 opus

923 1371 1019 1414 mzfit
1037 1372 1074 1404 in
1091 1373 1158 1404 IV.
1185 1371 1296 1403 libros
1314 1370 1498 1417 digestum.
1614 1359 1618 1362 .

968 1427 1005 1470 b)
1030 1428 1090 1461 Ex
1109 1428 1236 1462 Galliis
1256 1430 1293 1460 iu
1310 1426 1437 1461 Asiam
1461 1437 1611 1462 couten-

921 1482 1008 1517 dure
1024 1482 1229 1524 Meffalmn,
1254 1483 1338 1517 satis
1357 1483 1504 1518 eonfiat.
1529 1485 1611 1519 vide

922 1539 967 1574 ad
988 1540 1018 1581 Ι,
1046 1548 1078 1582 5.
1105 1552 1160 1585 pr.
1612 1542 1616 1546 ”

966 1598 1001 1639 c)
1026 1595 1131 1631 Hanc
1148 1595 1216 1642 ipfi
1235 1596 1359 1631 tribuit
1376 1605 1500 1632 auctor
1516 1601 1611 1633 vitae

919 1664 1009 1686 elus.

963 1710 1004 1753 d)
1037 1709 1259 1743 Libertinam
1274 1735 1284 1749 ‚
1325 1709 1407 1744 vide
1430 1712 1467 1751 Ι,
1493 1711 1526 1752 6,
1551 1711 1609 1756 67.

916 1773 1052 1800 temere
1079 1774 1205 1799 contra
1237 1765 1273 1799 id
1301 1775 1486 1812 pugnante
1510 1767 1609 1812 Ayr-

916 1834 1050 1856 manno
1082 1822 1109 1867 ὁ.
1140 1822 1196 1856 65.
1244 1822 1350 1857 Hanc
1371 1826 1530 1868 primtun
1552 1827 1610 1858 in-

916 1887 1078 1924 nuptam,
1105 1880 1152 1921 (Ι,
1176 1891 1206 1913 1.
1231 1879 1262 1921 Ι,
1278 1881 1331 1922 5.)
1356 1891 1446 1915 mox
1463 1881 1608 1916 alterius

915 1939 1118 1980 conjugem,
1145 1936 1190 1976 (Ι,
1212 1945 1244 1970 2.
1265 1937 1295 1976 Ι,
1316 1938 1348 1970 5.
1365 1937 1395 1977 Ι,
1408 1936 1459 1979 6.)
1477 1938 1608 1972 aluass'e

914 1992 1066 2028 videtur.
1092 1990 1138 2025 cf.
1165 1991 1270 2025 eund.
1297 1992 1324 2037 §
1343 1991 1400 2025 66.
1424 1992 1502 2038 sqq.

960 2051 995 2091 e)
1019 2048 1182 2093 Apolog.
1200 2049 1229 2082 1.
1249 2040 1312 2082 ubi
1332 2049 1392 2081 alii
1403 2049 1602 2091 Planciam,

914 2105 972 2142 vel
994 2105 1160 2138 Planiam
1173 2130 1180 2144 ‚
1206 2104 1263 2138 vel
1280 2105 1442 2140 Flaviam
1464 2107 1601 2150 legunt.

913 2162 1079 2196 Planiam
1092 2160 1170 2206 post
1189 2161 1276 2195 alios
1291 2160 1449 2196 defendit
1458 2161 1604 2201 Broukff

912 2218 1034 2252 hufius
1059 2217 1103 2252 ad
1127 2217 1211 2251 Tib.
1232 2219 1262 2259 Ι,
1290 2231 1322 2259 1,
1342 2220 1397 2263 57.
1429 2218 1609 2254 Plauemn·

910 2275 1087 2320 Ayrman.
1113 2273 1139 2317 §-
1167 2283 1220 2319 75.

947 2332 1000 2376 f)
1033 2329 1201 2366 Nemefin
1235 2329 1305 2364 effe
1339 2329 1490 2365 eandem
1517 2341 1607 2366 eum·

907 2387 1052 2422 Horatii
1094 2388 1249 2432 Glycera
1287 2386 1350 2423 lib.
1378 2388 1408 2420 Ι.
1450 2385 1509 2420 od.
1540 2396 1597 2430 55.

907 2445 1016 2488 vulgo
1040 2443 1254 2478 existinnant.
1326 2444 1452 2480 Potuit
1476 2451 1606 2479 tamen,-

907 2503 1016 2535 etiam
1035 2503 1103 2534 alia
1119 2501 1200 2541 effe,
1226 2511 1334 2545 quam
1350 2498 1428 2544 post
1448 2508 1596 2541 ceteras,

906 2557 1066 2602 adeoque
1085 2566 1161 2592 uun
1182 2557 1310 2591 amalfe
1327 2554 1487 2596 videtur,
1512 2567 1606 2590 cum*

903 2615 1076 2647 iuniorem
1105 2621 1308 2647 amatorem-
1339 2614 1373 2645 ei
1410 2612 1604 2657 praefer-rii

901 2673 1033 2705 mirum
1074 2682 1149 2705 non
1188 2663 1285 2703 effet-
1356 2669 1430 2703 Pro
1467 2668 1602 2704 eadmu-

900 2728 1019 2771 puella
1051 2738 1141 2765 otuu
1166 2724 1307 2761 Nemefi
1338 2725 1499 2770 Glffoera
1525 2728 1600 2762 vix:

1465 2783 1590 2819 haberi
