<?xml version="1.0" encoding="UTF-8"?>
<!DOCTYPE html PUBLIC "-//W3C//DTD XHTML 1.0 Transitional//EN"
    "http://www.w3.org/TR/xhtml1/DTD/xhtml1-transitional.dtd">
<html xmlns="http://www.w3.org/1999/xhtml" xml:lang="en" lang="en">
 <head>
  <title>
</title>
<meta http-equiv="Content-Type" content="text/html;charset=utf-8" />
  <meta name='ocr-system' content='tesseract 3.04.00' />
  <meta name='ocr-capabilities' content='ocr_page ocr_carea ocr_par ocr_line ocrx_word'/>
</head>
<body>
  <div class='ocr_page' id='page_1' title='image "albiitibullicarm01tibuuoft_0068.png"; bbox 0 0 1752 2974; ppageno 0'>
   <div class='ocr_carea' id='block_1_1' title="bbox 122 142 1169 192">
    <p class='ocr_par' dir='ltr' id='par_1_1' title="bbox 122 142 1169 192">
     <span class='ocr_line' id='line_1_1' title="bbox 122 142 1169 192; baseline -0.014 -1"><span class='ocrx_word' id='word_1_1' title='bbox 122 160 187 192; x_wconf 65' lang='lat' dir='ltr'>‚Lx</span> <span class='ocrx_word' id='word_1_2' title='bbox 521 142 1169 185; x_wconf 80' lang='lat' dir='ltr'><strong>VITATIBVLLI.</strong></span> 
     </span>
    </p>
   </div>
   <div class='ocr_carea' id='block_1_2' title="bbox 118 249 1569 1206">
    <p class='ocr_par' dir='ltr' id='par_1_2' title="bbox 118 249 1569 1206">
     <span class='ocr_line' id='line_1_2' title="bbox 120 249 1564 310; baseline -0.009 -10"><span class='ocrx_word' id='word_1_3' title='bbox 120 261 280 301; x_wconf 83' lang='lat' dir='ltr'>Albium</span> <span class='ocrx_word' id='word_1_4' title='bbox 300 259 486 310; x_wconf 74' lang='lat' dir='ltr'>iuscripta</span> <span class='ocrx_word' id='word_1_5' title='bbox 501 287 510 305; x_wconf 91' lang='lat'>,</span> <span class='ocrx_word' id='word_1_6' title='bbox 532 259 574 307; x_wconf 81' lang='lat' dir='ltr'>h)</span> <span class='ocrx_word' id='word_1_7' title='bbox 616 259 655 293; x_wconf 84' lang='lat' dir='ltr'>iu</span> <span class='ocrx_word' id='word_1_8' title='bbox 685 267 757 303; x_wconf 85' lang='lat' dir='ltr'>qua</span> <span class='ocrx_word' id='word_1_9' title='bbox 778 251 993 291; x_wconf 72' lang='lat' dir='ltr'>Venusinus</span> <span class='ocrx_word' id='word_1_10' title='bbox 1023 258 1136 304; x_wconf 67' lang='lat' dir='ltr'>poeta</span> <span class='ocrx_word' id='word_1_11' title='bbox 1151 280 1161 298; x_wconf 87' lang='lat'>,</span> <span class='ocrx_word' id='word_1_12' title='bbox 1193 249 1250 288; x_wconf 86' lang='lat' dir='ltr'>sui</span> <span class='ocrx_word' id='word_1_13' title='bbox 1271 251 1447 301; x_wconf 81' lang='lat' dir='ltr'>exemplo</span> <span class='ocrx_word' id='word_1_14' title='bbox 1467 258 1564 301; x_wconf 75' lang='lat' dir='ltr'>pro&#39;-</span> 
     </span>
     <span class='ocr_line' id='line_1_3' title="bbox 120 320 1564 384; baseline -0.01 -14"><span class='ocrx_word' id='word_1_15' title='bbox 120 330 263 384; x_wconf 77' lang='lat' dir='ltr'>posito,</span> <span class='ocrx_word' id='word_1_16' title='bbox 320 329 519 368; x_wconf 83' lang='lat' dir='ltr'>Tibullum</span> <span class='ocrx_word' id='word_1_17' title='bbox 568 328 617 363; x_wconf 80' lang='lat' dir='ltr'>ol&gt;</span> <span class='ocrx_word' id='word_1_18' title='bbox 663 325 858 373; x_wconf 78' lang='lat' dir='ltr'><em>Glycerae</em></span> <span class='ocrx_word' id='word_1_19' title='bbox 896 322 1092 360; x_wconf 72' lang='lat' dir='ltr'>saevitiam</span> <span class='ocrx_word' id='word_1_20' title='bbox 1139 322 1287 370; x_wconf 78' lang='lat' dir='ltr'>Elegos</span> <span class='ocrx_word' id='word_1_21' title='bbox 1324 320 1564 370; x_wconf 75' lang='lat' dir='ltr'><em>miserabiles</em></span> 
     </span>
     <span class='ocr_line' id='line_1_4' title="bbox 121 388 1566 444; baseline -0.01 -5"><span class='ocrx_word' id='word_1_22' title='bbox 121 401 397 440; x_wconf 77' lang='lat' dir='ltr'><em>decantantem</em></span> <span class='ocrx_word' id='word_1_23' title='bbox 424 408 460 435; x_wconf 80' lang='lat' dir='ltr'>et</span> <span class='ocrx_word' id='word_1_24' title='bbox 480 397 565 444; x_wconf 64' lang='lat' dir='ltr'>filu·</span> <span class='ocrx_word' id='word_1_25' title='bbox 594 396 788 431; x_wconf 74' lang='lat' dir='ltr'>iuniorem</span> <span class='ocrx_word' id='word_1_26' title='bbox 807 393 1015 442; x_wconf 66' lang='lat' dir='ltr'>praeferri</span> <span class='ocrx_word' id='word_1_27' title='bbox 1039 393 1234 430; x_wconf 77' lang='lat' dir='ltr'><em>dolentem</em></span> <span class='ocrx_word' id='word_1_28' title='bbox 1265 391 1302 426; x_wconf 90' lang='lat' dir='ltr'>in</span> <span class='ocrx_word' id='word_1_29' title='bbox 1325 404 1475 435; x_wconf 78' lang='lat' dir='ltr'>amore,</span> <span class='ocrx_word' id='word_1_30' title='bbox 1517 388 1566 434; x_wconf 74' lang='lat' dir='ltr'>ab</span> 
     </span>
     <span class='ocr_line' id='line_1_5' title="bbox 120 458 1565 521; baseline -0.01 -12"><span class='ocrx_word' id='word_1_31' title='bbox 120 473 241 509; x_wconf 81' lang='lat' dir='ltr'>animi</span> <span class='ocrx_word' id='word_1_32' title='bbox 263 470 501 521; x_wconf 75' lang='lat' dir='ltr'>aegritudine.</span> <span class='ocrx_word' id='word_1_33' title='bbox 523 470 693 508; x_wconf 78' lang='lat' dir='ltr'>revocat,</span> <span class='ocrx_word' id='word_1_34' title='bbox 725 470 762 498; x_wconf 87' lang='lat' dir='ltr'>et</span> <span class='ocrx_word' id='word_1_35' title='bbox 792 460 947 498; x_wconf 77' lang='lat' dir='ltr'>solatur.</span> <span class='ocrx_word' id='word_1_36' title='bbox 1008 462 1122 509; x_wconf 85' lang='lat' dir='ltr'>Quod</span> <span class='ocrx_word' id='word_1_37' title='bbox 1151 466 1287 512; x_wconf 73' lang='lat' dir='ltr'>poema</span> <span class='ocrx_word' id='word_1_38' title='bbox 1316 458 1362 505; x_wconf 74' lang='lat' dir='ltr'>st,</span> <span class='ocrx_word' id='word_1_39' title='bbox 1401 468 1443 496; x_wconf 89' lang='lat' dir='ltr'>ut</span> <span class='ocrx_word' id='word_1_40' title='bbox 1469 458 1565 495; x_wconf 73' lang='lat' dir='ltr'>ordo</span> 
     </span>
     <span class='ocr_line' id='line_1_6' title="bbox 120 527 1567 582; baseline -0.01 -3"><span class='ocrx_word' id='word_1_41' title='bbox 120 543 338 580; x_wconf 81' lang='lat' dir='ltr'>carminum</span> <span class='ocrx_word' id='word_1_42' title='bbox 359 537 535 579; x_wconf 69' lang='lat' dir='ltr'>ostendit,</span> <span class='ocrx_word' id='word_1_43' title='bbox 567 529 814 582; x_wconf 72' lang='lat' dir='ltr'>compositum</span> <span class='ocrx_word' id='word_1_44' title='bbox 835 532 907 567; x_wconf 82' lang='lat' dir='ltr'>suit</span> <span class='ocrx_word' id='word_1_45' title='bbox 928 540 1014 568; x_wconf 83' lang='lat' dir='ltr'>ante</span> <span class='ocrx_word' id='word_1_46' title='bbox 1036 532 1143 568; x_wconf 87' lang='lat' dir='ltr'>aliud</span> <span class='ocrx_word' id='word_1_47' title='bbox 1163 531 1209 569; x_wconf 90' lang='lat' dir='ltr'>de</span> <span class='ocrx_word' id='word_1_48' title='bbox 1229 527 1389 579; x_wconf 84' lang='lat' dir='ltr'>Augusti</span> <span class='ocrx_word' id='word_1_49' title='bbox 1411 528 1567 565; x_wconf 70' lang='lat' dir='ltr'>Actiaca</span> 
     </span>
     <span class='ocr_line' id='line_1_7' title="bbox 120 599 1567 652; baseline -0.01 -4"><span class='ocrx_word' id='word_1_50' title='bbox 120 612 281 648; x_wconf 75' lang='lat' dir='ltr'>victoria</span> <span class='ocrx_word' id='word_1_51' title='bbox 315 606 492 645; x_wconf 69' lang='lat' dir='ltr'>adversus</span> <span class='ocrx_word' id='word_1_52' title='bbox 525 602 739 640; x_wconf 83' lang='lat' dir='ltr'>Antonium</span> <span class='ocrx_word' id='word_1_53' title='bbox 767 609 803 636; x_wconf 90' lang='lat' dir='ltr'>et</span> <span class='ocrx_word' id='word_1_54' title='bbox 834 600 1101 649; x_wconf 78' lang='lat' dir='ltr'>Cleopatram,</span> <span class='ocrx_word' id='word_1_55' title='bbox 1123 604 1161 647; x_wconf 81' lang='lat' dir='ltr'>i)</span> <span class='ocrx_word' id='word_1_56' title='bbox 1202 614 1314 652; x_wconf 84' lang='lat' dir='ltr'>quam</span> <span class='ocrx_word' id='word_1_57' title='bbox 1350 599 1390 635; x_wconf 90' lang='lat' dir='ltr'>in</span> <span class='ocrx_word' id='word_1_58' title='bbox 1423 610 1567 634; x_wconf 86' lang='lat' dir='ltr'>annum</span> 
     </span>
     <span class='ocr_line' id='line_1_8' title="bbox 121 666 1567 719; baseline -0.011 -1"><span class='ocrx_word' id='word_1_59' title='bbox 121 681 170 718; x_wconf 88' lang='lat' dir='ltr'>V.</span> <span class='ocrx_word' id='word_1_60' title='bbox 195 682 239 717; x_wconf 89' lang='lat' dir='ltr'>C.</span> <span class='ocrx_word' id='word_1_61' title='bbox 263 687 484 715; x_wconf 74' lang='lat' dir='ltr'>Dccxxui.</span> <span class='ocrx_word' id='word_1_62' title='bbox 517 669 691 708; x_wconf 82' lang='lat' dir='ltr'>ineidiffe</span> <span class='ocrx_word' id='word_1_63' title='bbox 719 670 861 719; x_wconf 86' lang='lat' dir='ltr'>liquet,</span> <span class='ocrx_word' id='word_1_64' title='bbox 899 669 1159 718; x_wconf 79' lang='lat' dir='ltr'>inveniemus,</span> <span class='ocrx_word' id='word_1_65' title='bbox 1200 669 1228 707; x_wconf 85' lang='lat' dir='ltr'><strong>fi</strong></span> <span class='ocrx_word' id='word_1_66' title='bbox 1256 668 1449 706; x_wconf 86' lang='lat' dir='ltr'>communi</span> <span class='ocrx_word' id='word_1_67' title='bbox 1476 666 1567 717; x_wconf 85' lang='lat' dir='ltr'>opi—</span> 
     </span>
     <span class='ocr_line' id='line_1_9' title="bbox 118 735 1568 787; baseline -0.01 -2"><span class='ocrx_word' id='word_1_68' title='bbox 118 750 229 787; x_wconf 85' lang='lat' dir='ltr'>nioni</span> <span class='ocrx_word' id='word_1_69' title='bbox 254 745 430 784; x_wconf 73' lang='lat' dir='ltr'>assentire</span> <span class='ocrx_word' id='word_1_70' title='bbox 451 742 634 786; x_wconf 69' lang='lat' dir='ltr'>velimus,</span> <span class='ocrx_word' id='word_1_71' title='bbox 666 739 867 776; x_wconf 86' lang='lat' dir='ltr'>Tibullum</span> <span class='ocrx_word' id='word_1_72' title='bbox 889 752 1079 776; x_wconf 82' lang='lat' dir='ltr'>annorum</span> <span class='ocrx_word' id='word_1_73' title='bbox 1103 742 1167 778; x_wconf 81' lang='lat' dir='ltr'>vix</span> <span class='ocrx_word' id='word_1_74' title='bbox 1187 739 1391 777; x_wconf 85' lang='lat' dir='ltr'>duodecim</span> <span class='ocrx_word' id='word_1_75' title='bbox 1410 735 1568 786; x_wconf 83' lang='lat' dir='ltr'>Elegia-</span> 
     </span>
     <span class='ocr_line' id='line_1_10' title="bbox 122 805 1566 866; baseline -0.009 -11"><span class='ocrx_word' id='word_1_76' title='bbox 122 832 207 855; x_wconf 87' lang='lat' dir='ltr'>cum</span> <span class='ocrx_word' id='word_1_77' title='bbox 246 820 420 866; x_wconf 77' lang='lat' dir='ltr'>poetam,</span> <span class='ocrx_word' id='word_1_78' title='bbox 471 811 659 862; x_wconf 77' lang='lat' dir='ltr'>Glycerae</span> <span class='ocrx_word' id='word_1_79' title='bbox 693 817 921 853; x_wconf 83' lang='lat' dir='ltr'>amatorem,</span> <span class='ocrx_word' id='word_1_80' title='bbox 972 816 1030 853; x_wconf 80' lang='lat' dir='ltr'>et,</span> <span class='ocrx_word' id='word_1_81' title='bbox 1079 809 1183 857; x_wconf 90' lang='lat' dir='ltr'>quod</span> <span class='ocrx_word' id='word_1_82' title='bbox 1217 809 1337 858; x_wconf 80' lang='lat' dir='ltr'>magis</span> <span class='ocrx_word' id='word_1_83' title='bbox 1374 805 1566 852; x_wconf 76' lang='lat' dir='ltr'>mirabile,</span> 
     </span>
     <span class='ocr_line' id='line_1_11' title="bbox 118 875 1567 936; baseline -0.009 -13"><span class='ocrx_word' id='word_1_84' title='bbox 118 893 314 936; x_wconf 82' lang='lat' dir='ltr'>tamquam</span> <span class='ocrx_word' id='word_1_85' title='bbox 335 891 454 921; x_wconf 85' lang='lat' dir='ltr'>aetate</span> <span class='ocrx_word' id='word_1_86' title='bbox 473 880 736 932; x_wconf 80' lang='lat' dir='ltr'><strong>provectiore,</strong></span> <span class='ocrx_word' id='word_1_87' title='bbox 767 894 787 915; x_wconf 88' lang='lat' dir='ltr'>a</span> <span class='ocrx_word' id='word_1_88' title='bbox 807 878 937 929; x_wconf 82' lang='lat' dir='ltr'>puella</span> <span class='ocrx_word' id='word_1_89' title='bbox 957 878 1071 914; x_wconf 88' lang='lat' dir='ltr'>domo</span> <span class='ocrx_word' id='word_1_90' title='bbox 1092 875 1298 913; x_wconf 82' lang='lat' dir='ltr'>exclusum.</span> <span class='ocrx_word' id='word_1_91' title='bbox 1324 877 1364 928; x_wconf 76' lang='lat' dir='ltr'>k)</span> <span class='ocrx_word' id='word_1_92' title='bbox 1423 875 1567 914; x_wconf 82' lang='lat' dir='ltr'>Omni—</span> 
     </span>
     <span class='ocr_line' id='line_1_12' title="bbox 118 944 1569 1006; baseline -0.009 -13"><span class='ocrx_word' id='word_1_93' title='bbox 118 958 191 994; x_wconf 84' lang='lat' dir='ltr'>bus</span> <span class='ocrx_word' id='word_1_94' title='bbox 221 955 337 1006; x_wconf 83' lang='lat' dir='ltr'>igitur</span> <span class='ocrx_word' id='word_1_95' title='bbox 368 954 497 989; x_wconf 87' lang='lat' dir='ltr'>sucum</span> <span class='ocrx_word' id='word_1_96' title='bbox 527 950 615 986; x_wconf 85' lang='lat' dir='ltr'>secit</span> <span class='ocrx_word' id='word_1_97' title='bbox 635 948 851 986; x_wconf 73' lang='lat' dir='ltr'>Ovidianus</span> <span class='ocrx_word' id='word_1_98' title='bbox 882 947 945 984; x_wconf 92' lang='lat' dir='ltr'>ille</span> <span class='ocrx_word' id='word_1_99' title='bbox 968 944 1196 992; x_wconf 81' lang='lat' dir='ltr'>verficulus,</span> <span class='ocrx_word' id='word_1_100' title='bbox 1228 945 1410 990; x_wconf 84' lang='lat' dir='ltr'>Tibullo,</span> <span class='ocrx_word' id='word_1_101' title='bbox 1445 953 1486 980; x_wconf 91' lang='lat' dir='ltr'>ut</span> <span class='ocrx_word' id='word_1_102' title='bbox 1515 944 1569 981; x_wconf 82' lang='lat' dir='ltr'>ait</span> 
     </span>
     <span class='ocr_line' id='line_1_13' title="bbox 118 1013 1566 1067; baseline -0.008 -4"><span class='ocrx_word' id='word_1_103' title='bbox 118 1032 351 1063; x_wconf 78' lang='lat' dir='ltr'>memoratus</span> <span class='ocrx_word' id='word_1_104' title='bbox 369 1024 524 1067; x_wconf 85' lang='lat' dir='ltr'>Douza,</span> <span class='ocrx_word' id='word_1_105' title='bbox 565 1034 584 1056; x_wconf 92' lang='lat' dir='ltr'>a</span> <span class='ocrx_word' id='word_1_106' title='bbox 608 1019 707 1055; x_wconf 82' lang='lat' dir='ltr'>mala</span> <span class='ocrx_word' id='word_1_107' title='bbox 733 1031 849 1054; x_wconf 86' lang='lat' dir='ltr'>manu</span> <span class='ocrx_word' id='word_1_108' title='bbox 878 1015 1046 1053; x_wconf 75' lang='lat' dir='ltr'>adsutus.</span> <span class='ocrx_word' id='word_1_109' title='bbox 1106 1017 1175 1052; x_wconf 91' lang='lat' dir='ltr'>His</span> <span class='ocrx_word' id='word_1_110' title='bbox 1203 1015 1307 1051; x_wconf 80' lang='lat' dir='ltr'>docti</span> <span class='ocrx_word' id='word_1_111' title='bbox 1338 1014 1413 1051; x_wconf 85' lang='lat' dir='ltr'>viri</span> <span class='ocrx_word' id='word_1_112' title='bbox 1436 1013 1566 1064; x_wconf 70' lang='lat' dir='ltr'>gravi-r</span> 
     </span>
     <span class='ocr_line' id='line_1_14' title="bbox 118 1083 1567 1143; baseline -0.009 -11"><span class='ocrx_word' id='word_1_113' title='bbox 118 1096 192 1133; x_wconf 82' lang='lat' dir='ltr'>hus</span> <span class='ocrx_word' id='word_1_114' title='bbox 213 1092 448 1143; x_wconf 81' lang='lat' dir='ltr'>argumentis</span> <span class='ocrx_word' id='word_1_115' title='bbox 471 1091 584 1127; x_wconf 85' lang='lat' dir='ltr'>liceat</span> <span class='ocrx_word' id='word_1_116' title='bbox 603 1088 699 1125; x_wconf 86' lang='lat' dir='ltr'>mihi</span> <span class='ocrx_word' id='word_1_117' title='bbox 721 1088 842 1124; x_wconf 86' lang='lat' dir='ltr'>levius</span> <span class='ocrx_word' id='word_1_118' title='bbox 863 1086 1078 1135; x_wconf 78' lang='lat' dir='ltr'>quoddam,</span> <span class='ocrx_word' id='word_1_119' title='bbox 1109 1094 1232 1134; x_wconf 83' lang='lat' dir='ltr'>neque</span> <span class='ocrx_word' id='word_1_120' title='bbox 1250 1093 1377 1120; x_wconf 83' lang='lat' dir='ltr'>tamen</span> <span class='ocrx_word' id='word_1_121' title='bbox 1407 1083 1567 1120; x_wconf 88' lang='lat' dir='ltr'>omnino</span> 
     </span>
     <span class='ocr_line' id='line_1_15' title="bbox 118 1153 1565 1206; baseline -0.009 -5"><span class='ocrx_word' id='word_1_122' title='bbox 118 1163 470 1206; x_wconf 79' lang='lat' dir='ltr'>contemnendum,</span> <span class='ocrx_word' id='word_1_123' title='bbox 508 1159 648 1196; x_wconf 83' lang='lat' dir='ltr'>addere</span> <span class='ocrx_word' id='word_1_124' title='bbox 679 1157 726 1194; x_wconf 86' lang='lat' dir='ltr'>de</span> <span class='ocrx_word' id='word_1_125' title='bbox 756 1172 838 1193; x_wconf 84' lang='lat' dir='ltr'>mea</span> <span class='ocrx_word' id='word_1_126' title='bbox 858 1170 987 1206; x_wconf 74' lang='lat' dir='ltr'>penu,</span> <span class='ocrx_word' id='word_1_127' title='bbox 1022 1169 1069 1191; x_wconf 91' lang='lat' dir='ltr'>ne</span> <span class='ocrx_word' id='word_1_128' title='bbox 1101 1153 1245 1191; x_wconf 80' lang='lat' dir='ltr'>scilicet</span> <span class='ocrx_word' id='word_1_129' title='bbox 1265 1156 1312 1190; x_wconf 90' lang='lat' dir='ltr'>ad</span> <span class='ocrx_word' id='word_1_130' title='bbox 1332 1154 1399 1190; x_wconf 85' lang='lat' dir='ltr'>has</span> <span class='ocrx_word' id='word_1_131' title='bbox 1420 1153 1565 1204; x_wconf 87' lang='lat' dir='ltr'>epulas,</span> 
     </span>
    </p>
   </div>
   <div class='ocr_carea' id='block_1_3' title="bbox 119 1223 1565 1285">
    <p class='ocr_par' dir='ltr' id='par_1_3' title="bbox 119 1223 1565 1285">
     <span class='ocr_line' id='line_1_16' title="bbox 119 1223 1565 1285; baseline -0.009 -14"><span class='ocrx_word' id='word_1_132' title='bbox 119 1233 227 1285; x_wconf 76' lang='lat' dir='ltr'>qnod</span> <span class='ocrx_word' id='word_1_133' title='bbox 257 1234 389 1277; x_wconf 80' lang='lat' dir='ltr'>aiunt,</span> <span class='ocrx_word' id='word_1_134' title='bbox 430 1230 583 1268; x_wconf 81' lang='lat' dir='ltr'>veniam</span> <span class='ocrx_word' id='word_1_135' title='bbox 618 1226 850 1279; x_wconf 81' lang='lat' dir='ltr'>asymbolus.</span> <span class='ocrx_word' id='word_1_136' title='bbox 938 1226 1014 1263; x_wconf 82' lang='lat' dir='ltr'>Vix</span> <span class='ocrx_word' id='word_1_137' title='bbox 1047 1223 1121 1269; x_wconf 89' lang='lat' dir='ltr'>est,</span> <span class='ocrx_word' id='word_1_138' title='bbox 1162 1232 1202 1259; x_wconf 91' lang='lat' dir='ltr'>ut</span> <span class='ocrx_word' id='word_1_139' title='bbox 1231 1225 1386 1260; x_wconf 79' lang='lat' dir='ltr'>credere</span> <span class='ocrx_word' id='word_1_140' title='bbox 1420 1223 1565 1273; x_wconf 85' lang='lat' dir='ltr'>poffim,</span> 
     </span>
    </p>
   </div>
   <div class='ocr_carea' id='block_1_4' title="bbox 120 1291 1567 1343">
    <p class='ocr_par' dir='ltr' id='par_1_4' title="bbox 120 1291 1567 1343">
     <span class='ocr_line' id='line_1_17' title="bbox 120 1291 1567 1343; baseline -0.01 -1"><span class='ocrx_word' id='word_1_141' title='bbox 120 1304 309 1343; x_wconf 86' lang='lat' dir='ltr'>Ovidium</span> <span class='ocrx_word' id='word_1_142' title='bbox 333 1299 482 1339; x_wconf 81' lang='lat' dir='ltr'>Tibulli</span> <span class='ocrx_word' id='word_1_143' title='bbox 511 1299 715 1335; x_wconf 81' lang='lat' dir='ltr'>memoriae</span> <span class='ocrx_word' id='word_1_144' title='bbox 743 1295 1057 1340; x_wconf 71' lang='lat' dir='ltr'>studiosissimum,</span> <span class='ocrx_word' id='word_1_145' title='bbox 1088 1307 1204 1343; x_wconf 86' lang='lat' dir='ltr'>quum</span> <span class='ocrx_word' id='word_1_146' title='bbox 1229 1291 1567 1337; x_wconf 80' lang='lat' dir='ltr'>animadvertiffet,</span> 
     </span>
    </p>
   </div>
   <div class='ocr_carea' id='block_1_5' title="bbox 117 1362 1565 1629">
    <p class='ocr_par' dir='ltr' id='par_1_5' title="bbox 117 1362 1565 1629">
     <span class='ocr_line' id='line_1_18' title="bbox 119 1362 1564 1416; baseline -0.01 -4"><span class='ocrx_word' id='word_1_147' title='bbox 119 1372 161 1412; x_wconf 81' lang='lat' dir='ltr'>se</span> <span class='ocrx_word' id='word_1_148' title='bbox 187 1373 353 1411; x_wconf 85' lang='lat' dir='ltr'>natalem</span> <span class='ocrx_word' id='word_1_149' title='bbox 375 1370 498 1416; x_wconf 81' lang='lat' dir='ltr'>diem,</span> <span class='ocrx_word' id='word_1_150' title='bbox 529 1369 591 1406; x_wconf 86' lang='lat' dir='ltr'>vel</span> <span class='ocrx_word' id='word_1_151' title='bbox 618 1366 752 1405; x_wconf 84' lang='lat' dir='ltr'>saltem</span> <span class='ocrx_word' id='word_1_152' title='bbox 774 1381 918 1403; x_wconf 83' lang='lat' dir='ltr'>annum</span> <span class='ocrx_word' id='word_1_153' title='bbox 942 1378 1028 1402; x_wconf 85' lang='lat' dir='ltr'>cum</span> <span class='ocrx_word' id='word_1_154' title='bbox 1053 1363 1122 1399; x_wconf 87' lang='lat' dir='ltr'>illo</span> <span class='ocrx_word' id='word_1_155' title='bbox 1146 1362 1287 1399; x_wconf 76' lang='lat' dir='ltr'>habere</span> <span class='ocrx_word' id='word_1_156' title='bbox 1312 1376 1564 1407; x_wconf 86' lang='lat' dir='ltr'>communem,</span> 
     </span>
     <span class='ocr_line' id='line_1_19' title="bbox 120 1430 1565 1494; baseline -0.01 -13"><span class='ocrx_word' id='word_1_157' title='bbox 120 1457 198 1494; x_wconf 84' lang='lat' dir='ltr'>qua</span> <span class='ocrx_word' id='word_1_158' title='bbox 224 1451 305 1480; x_wconf 82' lang='lat' dir='ltr'>erat</span> <span class='ocrx_word' id='word_1_159' title='bbox 333 1440 541 1492; x_wconf 79' lang='lat' dir='ltr'>praecipue</span> <span class='ocrx_word' id='word_1_160' title='bbox 583 1437 783 1486; x_wconf 79' lang='lat' dir='ltr'>diligentia</span> <span class='ocrx_word' id='word_1_161' title='bbox 823 1436 862 1471; x_wconf 90' lang='lat' dir='ltr'>in</span> <span class='ocrx_word' id='word_1_162' title='bbox 904 1435 1018 1471; x_wconf 76' lang='lat' dir='ltr'>rebus</span> <span class='ocrx_word' id='word_1_163' title='bbox 1050 1433 1111 1469; x_wconf 87' lang='lat' dir='ltr'>vel</span> <span class='ocrx_word' id='word_1_164' title='bbox 1142 1433 1335 1479; x_wconf 87' lang='lat' dir='ltr'>minimis,</span> <span class='ocrx_word' id='word_1_165' title='bbox 1377 1430 1565 1468; x_wconf 76' lang='lat' dir='ltr'>eiusmodi</span> 
     </span>
     <span class='ocr_line' id='line_1_20' title="bbox 117 1499 1564 1558; baseline -0.01 -7"><span class='ocrx_word' id='word_1_166' title='bbox 117 1522 298 1551; x_wconf 72' lang='lat' dir='ltr'>eventum</span> <span class='ocrx_word' id='word_1_167' title='bbox 327 1510 477 1548; x_wconf 71' lang='lat' dir='ltr'>silentio</span> <span class='ocrx_word' id='word_1_168' title='bbox 505 1504 859 1558; x_wconf 71' lang='lat' dir='ltr'>praetermissurum</span> <span class='ocrx_word' id='word_1_169' title='bbox 892 1501 1014 1539; x_wconf 75' lang='lat' dir='ltr'>fuisse.</span> <span class='ocrx_word' id='word_1_170' title='bbox 1038 1501 1081 1551; x_wconf 89' lang='lat' dir='ltr'>I)</span> <span class='ocrx_word' id='word_1_171' title='bbox 1149 1499 1402 1539; x_wconf 80' lang='lat' dir='ltr'>Verisimilius</span> <span class='ocrx_word' id='word_1_172' title='bbox 1436 1501 1564 1549; x_wconf 84' lang='lat' dir='ltr'>itaque</span> 
     </span>
     <span class='ocr_line' id='line_1_21' title="bbox 118 1567 1564 1629; baseline -0.01 -10"><span class='ocrx_word' id='word_1_173' title='bbox 118 1581 195 1627; x_wconf 63' lang='lat' dir='ltr'>cst,</span> <span class='ocrx_word' id='word_1_174' title='bbox 236 1580 433 1629; x_wconf 81' lang='lat' dir='ltr'>aequalem</span> <span class='ocrx_word' id='word_1_175' title='bbox 473 1577 623 1614; x_wconf 75' lang='lat' dir='ltr'>Horatii</span> <span class='ocrx_word' id='word_1_176' title='bbox 659 1575 857 1612; x_wconf 81' lang='lat' dir='ltr'>Tibullum</span> <span class='ocrx_word' id='word_1_177' title='bbox 899 1571 1029 1617; x_wconf 83' lang='lat' dir='ltr'>fuisse,</span> <span class='ocrx_word' id='word_1_178' title='bbox 1054 1570 1109 1620; x_wconf 88' lang='lat' dir='ltr'>m)</span> <span class='ocrx_word' id='word_1_179' title='bbox 1153 1571 1193 1606; x_wconf 86' lang='lat' dir='ltr'>id</span> <span class='ocrx_word' id='word_1_180' title='bbox 1232 1568 1412 1606; x_wconf 85' lang='lat' dir='ltr'>suadente</span> <span class='ocrx_word' id='word_1_181' title='bbox 1448 1567 1564 1620; x_wconf 86' lang='lat' dir='ltr'>ipfius</span> 
     </span>
    </p>
   </div>
   <div class='ocr_carea' id='block_1_6' title="bbox 119 1640 1562 1696">
    <p class='ocr_par' dir='ltr' id='par_1_6' title="bbox 119 1640 1562 1696">
     <span class='ocr_line' id='line_1_22' title="bbox 119 1640 1562 1696; baseline -0.009 -6"><span class='ocrx_word' id='word_1_182' title='bbox 119 1652 245 1690; x_wconf 71' lang='lat' dir='ltr'>Flacci</span> <span class='ocrx_word' id='word_1_183' title='bbox 277 1648 517 1693; x_wconf 87' lang='lat' dir='ltr'>testimonio,</span> <span class='ocrx_word' id='word_1_184' title='bbox 561 1646 625 1696; x_wconf 88' lang='lat' dir='ltr'>qui</span> <span class='ocrx_word' id='word_1_185' title='bbox 657 1643 831 1694; x_wconf 84' lang='lat' dir='ltr'>Epistola</span> <span class='ocrx_word' id='word_1_186' title='bbox 862 1644 899 1679; x_wconf 81' lang='lat'>4.</span> <span class='ocrx_word' id='word_1_187' title='bbox 937 1641 1049 1677; x_wconf 86' lang='lat' dir='ltr'>Libri</span> <span class='ocrx_word' id='word_1_188' title='bbox 1074 1643 1105 1676; x_wconf 93' lang='lat' dir='ltr'>I.</span> <span class='ocrx_word' id='word_1_189' title='bbox 1139 1642 1357 1677; x_wconf 76' lang='lat' dir='ltr'>candidum</span> <span class='ocrx_word' id='word_1_190' title='bbox 1390 1640 1562 1693; x_wconf 66' lang='lat' dir='ltr'>iudicem</span> 
     </span>
    </p>
   </div>
   <div class='ocr_carea' id='block_1_7' title="bbox 108 1710 1564 1773">
    <p class='ocr_par' dir='ltr' id='par_1_7' title="bbox 108 1710 1564 1773">
     <span class='ocr_line' id='line_1_23' title="bbox 108 1710 1564 1773; baseline -0.011 -13"><span class='ocrx_word' id='word_1_191' title='bbox 108 1724 342 1773; x_wconf 80' lang='lat' dir='ltr'>sermonum</span> <span class='ocrx_word' id='word_1_192' title='bbox 364 1718 533 1770; x_wconf 71' lang='lat' dir='ltr'>suorum</span> <span class='ocrx_word' id='word_1_193' title='bbox 564 1730 651 1751; x_wconf 84' lang='lat' dir='ltr'>cum</span> <span class='ocrx_word' id='word_1_194' title='bbox 682 1714 879 1765; x_wconf 83' lang='lat' dir='ltr'>appellare</span> <span class='ocrx_word' id='word_1_195' title='bbox 914 1725 991 1748; x_wconf 88' lang='lat' dir='ltr'>non</span> <span class='ocrx_word' id='word_1_196' title='bbox 1025 1710 1267 1759; x_wconf 79' lang='lat' dir='ltr'>dedignatur.</span> <span class='ocrx_word' id='word_1_197' title='bbox 1354 1710 1564 1746; x_wconf 85' lang='lat' dir='ltr'>Emunctae</span> 
     </span>
    </p>
   </div>
   <div class='ocr_carea' id='block_1_8' title="bbox 119 1777 1567 1907">
    <p class='ocr_par' dir='ltr' id='par_1_8' title="bbox 119 1777 1567 1907">
     <span class='ocr_line' id='line_1_24' title="bbox 119 1777 1566 1834; baseline -0.011 -5"><span class='ocrx_word' id='word_1_198' title='bbox 119 1806 210 1830; x_wconf 79' lang='lat' dir='ltr'>vero</span> <span class='ocrx_word' id='word_1_199' title='bbox 231 1790 335 1826; x_wconf 88' lang='lat' dir='ltr'>naris</span> <span class='ocrx_word' id='word_1_200' title='bbox 355 1780 574 1832; x_wconf 84' lang='lat' dir='ltr'>hominem,</span> <span class='ocrx_word' id='word_1_201' title='bbox 605 1785 728 1834; x_wconf 79' lang='lat' dir='ltr'>qualis</span> <span class='ocrx_word' id='word_1_202' title='bbox 750 1791 830 1820; x_wconf 84' lang='lat' dir='ltr'>erat</span> <span class='ocrx_word' id='word_1_203' title='bbox 852 1782 1044 1826; x_wconf 86' lang='lat' dir='ltr'>Horatius,</span> <span class='ocrx_word' id='word_1_204' title='bbox 1074 1781 1150 1816; x_wconf 78' lang='lat' dir='ltr'>iam</span> <span class='ocrx_word' id='word_1_205' title='bbox 1170 1788 1254 1815; x_wconf 88' lang='lat' dir='ltr'>octo</span> <span class='ocrx_word' id='word_1_206' title='bbox 1276 1777 1406 1816; x_wconf 85' lang='lat' dir='ltr'>lustris</span> <span class='ocrx_word' id='word_1_207' title='bbox 1427 1778 1566 1816; x_wconf 81' lang='lat' dir='ltr'>viven-</span> 
     </span>
     <span class='ocr_line' id='line_1_25' title="bbox 120 1847 1567 1907; baseline -0.01 -9"><span class='ocrx_word' id='word_1_208' title='bbox 120 1863 170 1898; x_wconf 81' lang='lat' dir='ltr'>&#39;do</span> <span class='ocrx_word' id='word_1_209' title='bbox 198 1859 360 1904; x_wconf 83' lang='lat' dir='ltr'>exactis,</span> <span class='ocrx_word' id='word_1_210' title='bbox 401 1855 543 1907; x_wconf 83' lang='lat' dir='ltr'>scripta</span> <span class='ocrx_word' id='word_1_211' title='bbox 574 1853 639 1891; x_wconf 80' lang='lat' dir='ltr'>sua</span> <span class='ocrx_word' id='word_1_212' title='bbox 669 1851 938 1890; x_wconf 76' lang='lat' dir='ltr'>accuratiffime</span> <span class='ocrx_word' id='word_1_213' title='bbox 968 1850 1212 1894; x_wconf 82' lang='lat' dir='ltr'>elucubrata,</span> <span class='ocrx_word' id='word_1_214' title='bbox 1252 1848 1403 1885; x_wconf 87' lang='lat' dir='ltr'>homini</span> <span class='ocrx_word' id='word_1_215' title='bbox 1431 1847 1567 1886; x_wconf 81' lang='lat' dir='ltr'>adole-</span> 
     </span>
    </p>
   </div>
   <div class='ocr_carea' id='block_1_9' title="bbox 120 1917 1562 1976">
    <p class='ocr_par' dir='ltr' id='par_1_9' title="bbox 120 1917 1562 1976">
     <span class='ocr_line' id='line_1_26' title="bbox 120 1917 1562 1976; baseline -0.01 -9"><span class='ocrx_word' id='word_1_216' title='bbox 120 1928 264 1975; x_wconf 85' lang='lat' dir='ltr'>scenti,</span> <span class='ocrx_word' id='word_1_217' title='bbox 294 1927 435 1976; x_wconf 82' lang='lat' dir='ltr'>viginti</span> <span class='ocrx_word' id='word_1_218' title='bbox 454 1926 604 1962; x_wconf 76' lang='lat' dir='ltr'>duobus</span> <span class='ocrx_word' id='word_1_219' title='bbox 625 1924 736 1961; x_wconf 86' lang='lat' dir='ltr'>annis</span> <span class='ocrx_word' id='word_1_220' title='bbox 764 1920 846 1973; x_wconf 85' lang='lat' dir='ltr'>ipso</span> <span class='ocrx_word' id='word_1_221' title='bbox 868 1920 1033 1964; x_wconf 83' lang='lat' dir='ltr'>iuniori,</span> <span class='ocrx_word' id='word_1_222' title='bbox 1070 1917 1287 1968; x_wconf 78' lang='lat' dir='ltr'>castiganda</span> <span class='ocrx_word' id='word_1_223' title='bbox 1315 1918 1562 1963; x_wconf 86' lang='lat' dir='ltr'>committere,</span> 
     </span>
    </p>
   </div>
   <div class='ocr_carea' id='block_1_10' title="bbox 119 1988 1564 2048">
    <p class='ocr_par' dir='ltr' id='par_1_10' title="bbox 119 1988 1564 2048">
     <span class='ocr_line' id='line_1_27' title="bbox 119 1988 1564 2048; baseline -0.01 -11"><span class='ocrx_word' id='word_1_224' title='bbox 119 2001 202 2037; x_wconf 82' lang='lat' dir='ltr'>iure</span> <span class='ocrx_word' id='word_1_225' title='bbox 224 2011 268 2035; x_wconf 87' lang='lat' dir='ltr'>ac</span> <span class='ocrx_word' id='word_1_226' title='bbox 288 1997 425 2034; x_wconf 88' lang='lat' dir='ltr'>merito</span> <span class='ocrx_word' id='word_1_227' title='bbox 444 1993 651 2048; x_wconf 73' lang='lat' dir='ltr'>puduiffet.</span> <span class='ocrx_word' id='word_1_228' title='bbox 713 1992 867 2040; x_wconf 87' lang='lat' dir='ltr'>Quibus</span> <span class='ocrx_word' id='word_1_229' title='bbox 888 1991 996 2027; x_wconf 80' lang='lat' dir='ltr'>iactis</span> <span class='ocrx_word' id='word_1_230' title='bbox 1026 1988 1314 2037; x_wconf 79' lang='lat' dir='ltr'>fundamentis,</span> <span class='ocrx_word' id='word_1_231' title='bbox 1339 1988 1437 2025; x_wconf 81' lang='lat' dir='ltr'>alius</span> <span class='ocrx_word' id='word_1_232' title='bbox 1456 2000 1564 2023; x_wconf 84' lang='lat' dir='ltr'>error</span> 
     </span>
    </p>
   </div>
   <div class='ocr_carea' id='block_1_11' title="bbox 161 2209 540 2333">
    <p class='ocr_par' dir='ltr' id='par_1_11' title="bbox 161 2209 540 2333">
     <span class='ocr_line' id='line_1_28' title="bbox 165 2209 540 2255; baseline -0.011 -9"><span class='ocrx_word' id='word_1_233' title='bbox 165 2212 204 2255; x_wconf 78' lang='lat'>71)</span> <span class='ocrx_word' id='word_1_234' title='bbox 228 2210 312 2244; x_wconf 81' lang='lat' dir='ltr'>libri</span> <span class='ocrx_word' id='word_1_235' title='bbox 334 2211 364 2245; x_wconf 91' lang='grc' dir='ltr'>Ι.</span> <span class='ocrx_word' id='word_1_236' title='bbox 389 2209 459 2243; x_wconf 86' lang='lat' dir='ltr'>oda</span> <span class='ocrx_word' id='word_1_237' title='bbox 483 2210 540 2243; x_wconf 82' lang='lat'>55.</span> 
     </span>
     <span class='ocr_line' id='line_1_29' title="bbox 161 2288 530 2333; baseline -0.008 -9"><span class='ocrx_word' id='word_1_238' title='bbox 161 2292 201 2333; x_wconf 69' lang='grc' dir='ltr'>ἑ)</span> <span class='ocrx_word' id='word_1_239' title='bbox 224 2290 308 2326; x_wconf 83' lang='lat' dir='ltr'>libri</span> <span class='ocrx_word' id='word_1_240' title='bbox 330 2288 359 2324; x_wconf 91' lang='lat' dir='ltr'>I.</span> <span class='ocrx_word' id='word_1_241' title='bbox 386 2288 456 2323; x_wconf 78' lang='lat' dir='ltr'>oda</span> <span class='ocrx_word' id='word_1_242' title='bbox 474 2288 530 2333; x_wconf 80' lang='lat'>57.</span> 
     </span>
    </p>
   </div>
   <div class='ocr_carea' id='block_1_12' title="bbox 115 2370 808 2754">
    <p class='ocr_par' dir='ltr' id='par_1_12' title="bbox 115 2370 808 2754">
     <span class='ocr_line' id='line_1_30' title="bbox 163 2370 806 2424; baseline -0.008 -11"><span class='ocrx_word' id='word_1_243' title='bbox 163 2382 200 2423; x_wconf 73' lang='lat' dir='ltr'>k)</span> <span class='ocrx_word' id='word_1_244' title='bbox 224 2370 338 2424; x_wconf 74' lang='lat' dir='ltr'>Urget</span> <span class='ocrx_word' id='word_1_245' title='bbox 362 2378 450 2412; x_wconf 81' lang='lat' dir='ltr'>haec</span> <span class='ocrx_word' id='word_1_246' title='bbox 474 2380 582 2411; x_wconf 79' lang='lat' dir='ltr'>etiam</span> <span class='ocrx_word' id='word_1_247' title='bbox 610 2375 806 2410; x_wconf 80' lang='lat' dir='ltr'>Broukhu-</span> 
     </span>
     <span class='ocr_line' id='line_1_31' title="bbox 117 2432 806 2476; baseline -0.006 -6"><span class='ocrx_word' id='word_1_248' title='bbox 117 2436 185 2472; x_wconf 79' lang='lat' dir='ltr'>lius</span> <span class='ocrx_word' id='word_1_249' title='bbox 213 2437 258 2471; x_wconf 84' lang='lat' dir='ltr'>ad</span> <span class='ocrx_word' id='word_1_250' title='bbox 279 2436 365 2470; x_wconf 86' lang='lat' dir='ltr'>Tib.</span> <span class='ocrx_word' id='word_1_251' title='bbox 383 2437 430 2476; x_wconf 83' lang='lat' dir='ltr'>ss,</span> <span class='ocrx_word' id='word_1_252' title='bbox 452 2436 486 2475; x_wconf 84' lang='lat'>4,</span> <span class='ocrx_word' id='word_1_253' title='bbox 505 2435 557 2467; x_wconf 80' lang='lat'>15.</span> <span class='ocrx_word' id='word_1_254' title='bbox 587 2432 668 2467; x_wconf 78' lang='lat' dir='ltr'>Effe</span> <span class='ocrx_word' id='word_1_255' title='bbox 685 2440 806 2466; x_wconf 80' lang='lat' dir='ltr'>tamen</span> 
     </span>
     <span class='ocr_line' id='line_1_32' title="bbox 116 2488 807 2539; baseline -0.006 -13"><span class='ocrx_word' id='word_1_256' title='bbox 116 2493 186 2528; x_wconf 89' lang='lat' dir='ltr'>hoc</span> <span class='ocrx_word' id='word_1_257' title='bbox 228 2500 479 2539; x_wconf 78' lang='lat' dir='ltr'>argumentum</span> <span class='ocrx_word' id='word_1_258' title='bbox 518 2489 608 2524; x_wconf 81' lang='lat' dir='ltr'>adeo</span> <span class='ocrx_word' id='word_1_259' title='bbox 650 2488 807 2523; x_wconf 82' lang='lat' dir='ltr'>validum</span> 
     </span>
     <span class='ocr_line' id='line_1_33' title="bbox 116 2545 808 2590; baseline -0.01 -7"><span class='ocrx_word' id='word_1_260' title='bbox 116 2562 191 2585; x_wconf 85' lang='lat' dir='ltr'>non</span> <span class='ocrx_word' id='word_1_261' title='bbox 224 2550 385 2590; x_wconf 79' lang='lat' dir='ltr'>videtur,</span> <span class='ocrx_word' id='word_1_262' title='bbox 429 2560 511 2582; x_wconf 84' lang='lat' dir='ltr'>eum</span> <span class='ocrx_word' id='word_1_263' title='bbox 545 2546 631 2580; x_wconf 76' lang='lat' dir='ltr'>odas</span> <span class='ocrx_word' id='word_1_264' title='bbox 662 2545 808 2579; x_wconf 80' lang='lat' dir='ltr'>Horatii</span> 
     </span>
     <span class='ocr_line' id='line_1_34' title="bbox 115 2606 806 2650; baseline -0.012 -10"><span class='ocrx_word' id='word_1_265' title='bbox 115 2618 192 2641; x_wconf 83' lang='lat' dir='ltr'>non.</span> <span class='ocrx_word' id='word_1_266' title='bbox 207 2606 402 2640; x_wconf 81' lang='lat' dir='ltr'>secundum</span> <span class='ocrx_word' id='word_1_267' title='bbox 421 2613 561 2650; x_wconf 83' lang='lat' dir='ltr'>tempus</span> <span class='ocrx_word' id='word_1_268' title='bbox 572 2628 580 2642; x_wconf 74' lang='lat'>,</span> <span class='ocrx_word' id='word_1_269' title='bbox 606 2613 679 2647; x_wconf 84' lang='lat' dir='ltr'>quo</span> <span class='ocrx_word' id='word_1_270' title='bbox 696 2611 806 2646; x_wconf 69' lang='lat' dir='ltr'>quae—</span> 
     </span>
     <span class='ocr_line' id='line_1_35' title="bbox 116 2657 807 2709; baseline -0.009 -12"><span class='ocrx_word' id='word_1_271' title='bbox 116 2674 187 2709; x_wconf 82' lang='lat' dir='ltr'>que</span> <span class='ocrx_word' id='word_1_272' title='bbox 228 2663 359 2708; x_wconf 79' lang='lat' dir='ltr'>scripta</span> <span class='ocrx_word' id='word_1_273' title='bbox 397 2661 465 2705; x_wconf 81' lang='lat' dir='ltr'>est,</span> <span class='ocrx_word' id='word_1_274' title='bbox 512 2661 703 2696; x_wconf 78' lang='lat' dir='ltr'>collocatas</span> <span class='ocrx_word' id='word_1_275' title='bbox 738 2657 807 2692; x_wconf 80' lang='lat' dir='ltr'>ell&#39;e</span> 
     </span>
     <span class='ocr_line' id='line_1_36' title="bbox 120 2717 266 2754; baseline -0.014 0"><span class='ocrx_word' id='word_1_276' title='bbox 120 2717 266 2754; x_wconf 74' lang='lat' dir='ltr'>constet.</span> 
     </span>
    </p>
   </div>
   <div class='ocr_carea' id='block_1_13' title="bbox 1466 2070 1562 2093">
    <p class='ocr_par' dir='ltr' id='par_1_13' title="bbox 1466 2070 1562 2093">
     <span class='ocr_line' id='line_1_37' title="bbox 1466 2070 1562 2093; baseline 0 0"><span class='ocrx_word' id='word_1_277' title='bbox 1466 2070 1562 2093; x_wconf 69' lang='lat'><strong>(¹011-</strong></span> 
     </span>
    </p>
   </div>
   <div class='ocr_carea' id='block_1_14' title="bbox 871 2199 1563 2760">
    <p class='ocr_par' dir='ltr' id='par_1_14' title="bbox 871 2199 1562 2466">
     <span class='ocr_line' id='line_1_38' title="bbox 921 2199 1562 2249; baseline -0.008 -11"><span class='ocrx_word' id='word_1_278' title='bbox 921 2199 958 2248; x_wconf 74' lang='lat' dir='ltr'>Z)</span> <span class='ocrx_word' id='word_1_279' title='bbox 983 2203 1042 2238; x_wconf 84' lang='lat' dir='ltr'>Est</span> <span class='ocrx_word' id='word_1_280' title='bbox 1066 2206 1192 2249; x_wconf 79' lang='lat' dir='ltr'>utique</span> <span class='ocrx_word' id='word_1_281' title='bbox 1222 2209 1472 2247; x_wconf 81' lang='lat' dir='ltr'>argumentum</span> <span class='ocrx_word' id='word_1_282' title='bbox 1490 2199 1562 2234; x_wconf 84' lang='lat' dir='ltr'>hoc</span> 
     </span>
     <span class='ocr_line' id='line_1_39' title="bbox 872 2259 1562 2302; baseline -0.01 -6"><span class='ocrx_word' id='word_1_283' title='bbox 872 2261 1107 2302; x_wconf 78' lang='lat' dir='ltr'>levillimum,</span> <span class='ocrx_word' id='word_1_284' title='bbox 1150 2268 1188 2294; x_wconf 90' lang='lat' dir='ltr'>ut</span> <span class='ocrx_word' id='word_1_285' title='bbox 1215 2259 1291 2293; x_wconf 80' lang='lat' dir='ltr'>fere</span> <span class='ocrx_word' id='word_1_286' title='bbox 1319 2260 1441 2292; x_wconf 85' lang='lat' dir='ltr'>omnia</span> <span class='ocrx_word' id='word_1_287' title='bbox 1468 2260 1562 2290; x_wconf 83' lang='lat' dir='ltr'>eius-</span> 
     </span>
     <span class='ocr_line' id='line_1_40' title="bbox 872 2312 1562 2362; baseline -0.012 -10"><span class='ocrx_word' id='word_1_288' title='bbox 872 2318 972 2352; x_wconf 75' lang='lat' dir='ltr'>modi</span> <span class='ocrx_word' id='word_1_289' title='bbox 986 2331 1023 2352; x_wconf 79' lang='lat' dir='ltr'>ar</span> <span class='ocrx_word' id='word_1_290' title='bbox 1026 2325 1195 2362; x_wconf 69' lang='lat' dir='ltr'>gumein-&#39;1</span> <span class='ocrx_word' id='word_1_291' title='bbox 1208 2329 1227 2350; x_wconf 85' lang='lat' dir='ltr'>a</span> <span class='ocrx_word' id='word_1_292' title='bbox 1237 2315 1378 2349; x_wconf 80' lang='lat' dir='ltr'>silentio</span> <span class='ocrx_word' id='word_1_293' title='bbox 1392 2312 1562 2350; x_wconf 69' lang='lat' dir='ltr'>deffinita,</span> 
     </span>
     <span class='ocr_line' id='line_1_41' title="bbox 872 2369 1562 2408; baseline -0.012 0"><span class='ocrx_word' id='word_1_294' title='bbox 872 2375 935 2408; x_wconf 86' lang='lat' dir='ltr'>ubi</span> <span class='ocrx_word' id='word_1_295' title='bbox 974 2376 1241 2408; x_wconf 79' lang='lat' dir='ltr'>memorationis</span> <span class='ocrx_word' id='word_1_296' title='bbox 1281 2370 1400 2405; x_wconf 78' lang='lat' dir='ltr'>caulsa</span> <span class='ocrx_word' id='word_1_297' title='bbox 1433 2369 1562 2403; x_wconf 86' lang='lat' dir='ltr'>idonea</span> 
     </span>
     <span class='ocr_line' id='line_1_42' title="bbox 871 2432 1261 2466; baseline -0.013 0"><span class='ocrx_word' id='word_1_298' title='bbox 871 2443 937 2466; x_wconf 83' lang='lat' dir='ltr'>nec</span> <span class='ocrx_word' id='word_1_299' title='bbox 963 2432 1261 2465; x_wconf 26' lang='lat' dir='ltr'>necessariaverat.</span> 
     </span>
    </p>

    <p class='ocr_par' dir='ltr' id='par_1_15' title="bbox 872 2480 1563 2760">
     <span class='ocr_line' id='line_1_43' title="bbox 917 2480 1559 2530; baseline -0.016 -7"><span class='ocrx_word' id='word_1_300' title='bbox 917 2490 967 2530; x_wconf 89' lang='lat' dir='ltr'>m)</span> <span class='ocrx_word' id='word_1_301' title='bbox 992 2489 1036 2522; x_wconf 83' lang='lat' dir='ltr'>[n</span> <span class='ocrx_word' id='word_1_302' title='bbox 1067 2499 1200 2520; x_wconf 79' lang='lat' dir='ltr'>aunum</span> <span class='ocrx_word' id='word_1_303' title='bbox 1219 2488 1340 2530; x_wconf 83' lang='lat' dir='ltr'>itaque</span> <span class='ocrx_word' id='word_1_304' title='bbox 1356 2483 1404 2516; x_wconf 89' lang='lat' dir='ltr'>V.</span> <span class='ocrx_word' id='word_1_305' title='bbox 1423 2481 1462 2516; x_wconf 92' lang='lat' dir='ltr'>C.</span> <span class='ocrx_word' id='word_1_306' title='bbox 1481 2480 1559 2525; x_wconf 83' lang='lat'><strong>690.</strong></span> 
     </span>
     <span class='ocr_line' id='line_1_44' title="bbox 873 2539 1563 2589; baseline -0.013 -11"><span class='ocrx_word' id='word_1_307' title='bbox 873 2545 932 2578; x_wconf 81' lang='lat' dir='ltr'>vel</span> <span class='ocrx_word' id='word_1_308' title='bbox 949 2547 1138 2589; x_wconf 73' lang='lat' dir='ltr'>proximos</span> <span class='ocrx_word' id='word_1_309' title='bbox 1152 2542 1290 2577; x_wconf 80' lang='lat' dir='ltr'>Tibulli</span> <span class='ocrx_word' id='word_1_310' title='bbox 1305 2539 1439 2573; x_wconf 83' lang='lat' dir='ltr'>natales</span> <span class='ocrx_word' id='word_1_311' title='bbox 1456 2539 1563 2582; x_wconf 73' lang='lat' dir='ltr'>ponit</span> 
     </span>
     <span class='ocr_line' id='line_1_45' title="bbox 872 2593 1561 2646; baseline -0.013 -12"><span class='ocrx_word' id='word_1_312' title='bbox 872 2601 1008 2642; x_wconf 80' lang='lat' dir='ltr'>Doul&#39;a,</span> <span class='ocrx_word' id='word_1_313' title='bbox 1033 2612 1141 2646; x_wconf 86' lang='lat' dir='ltr'>quem</span> <span class='ocrx_word' id='word_1_314' title='bbox 1160 2599 1354 2644; x_wconf 82' lang='lat' dir='ltr'>sequuntur</span> <span class='ocrx_word' id='word_1_315' title='bbox 1365 2593 1561 2629; x_wconf 73' lang='lat' dir='ltr'>Broukhu-</span> 
     </span>
     <span class='ocr_line' id='line_1_46' title="bbox 873 2650 1559 2699; baseline -0.013 -6"><span class='ocrx_word' id='word_1_316' title='bbox 873 2656 957 2698; x_wconf 79' lang='lat' dir='ltr'>ssus,</span> <span class='ocrx_word' id='word_1_317' title='bbox 984 2657 1179 2699; x_wconf 60' lang='lat' dir='ltr'>Fabricium,</span> <span class='ocrx_word' id='word_1_318' title='bbox 1207 2651 1442 2693; x_wconf 68' lang='lat' dir='ltr'>Sanadonius,</span> <span class='ocrx_word' id='word_1_319' title='bbox 1467 2650 1559 2694; x_wconf 68' lang='lat' dir='ltr'>Vul-</span> 
     </span>
     <span class='ocr_line' id='line_1_47' title="bbox 876 2716 970 2760; baseline 0.021 -12"><span class='ocrx_word' id='word_1_320' title='bbox 876 2716 970 2760; x_wconf 80' lang='lat' dir='ltr'>pius.</span> 
     </span>
    </p>
   </div>
   <div class='ocr_carea' id='block_1_15' title="bbox 1748 914 1752 2072">
    <p class='ocr_par' dir='ltr' id='par_1_16' title="bbox 1748 914 1752 2072">
     <span class='ocr_line' id='line_1_48' title="bbox 1748 914 1752 2072; baseline 0 0"><span class='ocrx_word' id='word_1_321' title='bbox 1748 914 1752 2072; x_wconf 95' lang='lat' dir='ltr'> </span> 
     </span>
    </p>
   </div>
  </div>
 </body>
</html>
