1752 2974
374 111 450 148 ET
487 82 856 149 EmeNv-'M
892 106 1258 150 PRINCIPVM.
1480 115 1533 165 49

227 237 292 264 11.
323 225 573 265 admovimus
600 220 742 274 ignes]
782 220 883 260 Cod.
906 224 1135 260 amovimus
1155 225 1284 272 egris,
1316 220 1415 262 edit.
1435 224 1532 264 mai.

113 279 185 319 dat
216 283 468 321 admovimus
497 295 655 331 aegros,

230 351 294 376 12.
329 340 542 391 solicitant
577 334 722 374 scribit
752 336 852 374 Cod.
885 348 980 374 cum
1011 332 1112 374 edit.
1144 333 1270 383 min.,
1311 335 1533 385 nephanda

112 393 217 433 Cod.
247 405 290 434 et
323 394 422 433 edit.
450 408 511 446 pr.
545 392 643 430 mai.

228 462 290 498 15.
332 448 598 502 meditantes]
665 447 773 490 Cod.
805 463 898 487 cum
930 448 1027 488 edit.
1053 461 1115 501 pr.
1141 447 1237 487 mai.
1266 447 1374 503 legit
1391 447 1531 487 'medl-

106 511 249 546 tantis.
279 529 334 538 —
384 509 575 559 linguae]
617 505 660 542 in
690 508 792 544 Cod.
829 515 944 545 extat
974 508 1128 543 mentis.

223 573 285 607 17.
322 567 445 612 nostri
476 561 683 614 primum]
747 562 852 602 Cod.
892 572 935 601 et
965 561 1064 600 edit.
1096 575 1159 615 pr.
1190 561 1292 603 min.
1323 561 1529 603 exhibent

78 667 81 670 ‚
98 623 234 668 primo
262 625 451 669 nostrum.

218 688 283 716 21.
318 679 545 727 pallentes]
609 676 709 714 Cod.
742 673 886 713 scribit
909 676 1110 724 pellentes.

216 744 280 780 23.
322 733 508 785 Elysios]
571 730 676 770 Cod.
706 732 860 778 elisios,
892 732 990 769 edit.
1020 745 1081 784 pr.
1110 730 1209 768 min.
1239 732 1442 781 Helystos.

216 799 282 839 24.
312 791 637 840 Lethaeamque]
679 787 792 826 Edit.
818 801 879 840 pr.
906 789 1002 826 mai.
1031 788 1294 839 letheamque.
1324 811 1380 818 —-
1415 791 1529 828 Cim-

99 845 346 899 meriosque]
402 845 509 885 Cod.
546 859 640 884 cum
681 844 779 883 edit.
817 857 882 899 pr.
922 844 1017 883 mai.
1061 846 1372 899 chimeriosque,
1421 847 1523 888 min.

98 907 367 955 cimel-iosque.

211 961 276 1000 26.
311 956 482 1012 pueris]
542 958 641 995 Cod.
668 960 801 1007 pueri.

214 1027 279 1067 27.
311 1016 609 1069 nequidquam]
653 1015 759 1054 Cod.
786 1028 880 1054 cum
909 1014 1008 1054 edit.
1030 1030 1091 1069 pr.
1115 1015 1217 1054 min.
1243 1019 1524 1070 nequicquam,

97 1073 198 1116 edit.
219 1074 317 1114 mai.
341 1089 414 1112 nec
434 1077 663 1126 quicquam.
701 1094 756 1101 —
813 1071 993 1123 terrear]
1037 1074 1195 1113 Eadem
1225 1083 1390 1115 terreat.

211 1144 277 1183 29.
311 1133 371 1171 At
396 1130 537 1183 vobis]
599 1131 698 1168 Cod.
727 1128 856 1169 habet
885 1138 1004 1182 atque
1033 1134 1170 1181 nobis,
1205 1132 1302 1171 edit.
1335 1147 1396 1186 pr.
1425 1134 1521 1175 mai.

95 1201 214 1244 atque
239 1192 363 1237 milzi,
398 1189 498 1226 min.
526 1190 583 1226 Ec
604 1189 728 1226 nobis.
771 1208 826 1216 —
884 1186 1045 1226 Eadem
1071 1187 1214 1227 scribit
1244 1190 1450 1242 Thuscae,
1479 1202 1526 1233 et

93 1263 156 1290 vs.
184 1259 250 1296 32.
275 1248 353 1301 secl
380 1260 457 1299 pro
487 1255 536 1284 et.

205 1315 274 1353 52.
313 1301 472 1355 volent]
535 1301 696 1341 Omnes
731 1310 815 1340 tres
847 1301 1096 1355 praeferunt
1123 1305 1261 1344 velint.

510 1462 938 1508 ELEGIA
1010 1465 1116 1510 V1.

202 1587 427 1642 Inscriptio
458 1585 502 1624 in
528 1584 627 1624 edit.
658 1596 720 1637 pr.
757 1584 853 1624 mai.
885 1583 941 1624 est
968 1585 1095 1626 haec:
1134 1590 1372 1641 Alloquitur
1400 1593 1521 1632 Bac--

91 1648 235 1697 chum5
274 1646 317 1684 in
349 1644 448 1683 edit.
478 1642 578 1681 min.
608 1646 774 1680 inuocat
805 1643 1031 1682 Bacchum.

209 1720 243 1742 ι.
285 1705 453 1753 nqustica
482 1698 606 1750 vitis]
670 1697 777 1737 Cod.
820 1702 979 1749 mistica
1016 1703 1134 1750 νίὲἰθ,
1191 1701 1289 1741 edit.
1325 1720 1388 1759 pr.
1421 1707 1519 1748 mai,

90 1762 272 1801 candida
301 1763 409 1800 ruis.

205 1829 243 1856 2.
286 1820 476 1866 Semper,
515 1816 579 1861 sie
605 1810 784 1863 hedera]
844 1813 958 1852 Edit.
995 1828 1058 1868 pr.
1095 1815 1192 1853 mai.
1231 1816 1405 1857 exhibet
1432 1817 1516 1858 ita:

7 1889 16 1934 ρι’
48 1851 56 1863 ³
90 1878 163 1915 Sic
190 1876 337 1914 hedera
362 1875 538 1924 semper,
574 1868 681 1908 Cod.
705 1871 744 1922 s.
768 1870 806 1921 s.
836 1871 969 1912 edera.
1008 1893 1066 1902 --
1119 1879 1271 1924 geras]
1311 1875 1355 1913 in
1386 1875 1519 1914 omni·

11 1935 17 1958 ·’
90 1932 168 1971 bus
200 1932 334 1972 tribus
364 1929 521 1984 legitur
541 1929 679 1978 feras.

203 1999 241 2037 3.
283 1983 541 2034 medicanda]
604 1983 763 2022 Omnes
790 1982 952 2023 habent
986 1986 1237 2026 medicando.
1268 2008 1324 2017 —
1365 1989 1439 2028 Vs.
1473 1997 1516 2038 5.

90 2045 189 2086 edit.
217 2060 280 2099 pr.
311 2043 411 2081 min.
442 2039 587 2080 scribit
619 2042 763 2087 chare,
808 2039 913 2078 Cod.
943 2042 1083 2081 baclzo.

203 2106 241 2142 6.
286 2104 331 2148 I,
362 2095 505 2149 nohis]
563 2098 615 2136 In
642 2095 789 2135 nostris
820 2107 938 2137 extat
970 2099 1190 2141 omnibus:
1230 2111 1270 2141 et
1292 2102 1420 2142 nobis.
1459 2123 1517 2135 -

86 2158 200 2198 Edit,
230 2172 294 2212 pr.
323 2157 421 2195 mai.
456 2153 610 2194 deinde
642 2154 713 2192 dat
735 2154 957 2204 phalema.

201 2222 240 2261 8.
279 2210 481 2264 P'ulserit]
540 2212 639 2248 Cod.
672 2210 849 2264 praebet
872 2213 1058 2266 pulserit.
1099 2235 1154 2245 —
1211 2215 1294 2256 Pro
1318 2219 1447 2257 niveis
1468 2215 1516 2257 iu

88 2271 188 2311 edit.
219 2284 282 2325 pr.
318 2270 417 2307 min.
451 2271 622 2307 iuuenis.

205 2342 269 2366 ιι.
309 2327 498 2379 recusat]
558 2325 752 2378 Utraque
780 2325 878 2365 edit.
900 2341 961 2380 pr.
987 2325 1094 2381 legit
1122 2329 1284 2381 recuset.

212 2395 274 2423 12.
307 2398 396 2422 eum
425 2380 556 2432 tecto]
620 2383 722 2420 Cod.
756 2397 845 2420 cum
865 2393 980 2423 tecto.

203 2449 268 2487 ¹5·
301 2438 552 2494 Armenias]
604 2438 706 2479 Cod.
743 2454 953 2489 armenas,
984 2440 1083 2481 edit.
1107 2456 1169 2496 pr.
1191 2443 1288 2482 mai.
1320 2442 1515 2483 Armeni-

88 2511 232 2552 asque,
265 2508 307 2538 et
333 2507 483 2549 tygres.

204 2566 269 2606 ι7.
299 2553 433 2607 valet]
495 2552 654 2593 Omnes
682 2561 767 2593 tres
793 2553 1042 2608 praeferunt
1073 2556 1190 2594 volet.

873 2674 901 2717 4
1353 2672 1415 2713 ²8·
1445 2666 1513 2727 fu·-
