1752 2974
322 120 671 161 CODICIBVS
723 120 800 156 ΕΤ
848 119 1279 159 EDITIONIBVS.
1420 132 1534 164 xvn

89 237 200 272 unice
220 234 433 285 expressere
455 234 712 271 Colinaeanae
731 242 765 269 et
785 230 1033 281 Baslleense33
1062 233 1218 270 alteram
1238 241 1363 270 autem
1380 234 1528 273 Veneta

86 319 156 356 per
189 307 342 341 Scotum
381 305 497 342 1551.
530 311 565 339 et
593 301 868 352 Gryphianae,
911 316 1069 339 numero
1099 302 1244 352 plures.
1313 304 1389 339 Nec
1418 306 1532 354 quic-

86 389 201 424 quam
223 376 445 411 innovatum
467 373 546 410 vidi
570 378 656 408 ante
678 374 905 409 fflzcrelzmz:
960 372 1021 408 cui
1043 370 1260 409 doctissimo
1280 374 1365 409 viro
1388 375 1533 411 Tibul-

86 443 146 480 lus
170 458 247 480 non
271 456 407 493 parum
430 442 565 487 debet,
605 440 693 490 plus
715 441 829 477 ctiam
853 441 992 479 debere
1010 449 1229 492 putaretur,
1270 441 1339 478 nis]
1360 444 1532 493 Scaliger

85 527 171 550 eum
205 513 334 548 debita
364 511 478 547 laude
509 509 728 547 fraudasset.
798 511 893 547 Nam
923 511 1048 547 editus
1072 509 1125 547 est
1148 525 1168 547 a
1187 511 1320 548 Paullo
1344 515 1529 561 Manutio,

87 591 152 618 aut
174 583 301 619 verius
323 595 367 618 ex
400 580 459 616 ed.
483 579 626 615 Aldina
657 580 774 616 altera
796 581 991 630 repetitus,
1025 595 1058 616 a.
1086 582 1204 618 1554.
1235 581 1416 619 Tibullus
1445 597 1533 620 cum

86 651 240 688 Catullo
265 660 301 687 et
323 651 524 700 Propertio
547 664 566 685 a
586 650 734 685 Murem
768 649 975 699 diligenter
1007 648 1230 699 castigatus,
1266 651 1369 688 libro
1401 654 1534 702 utique

87 733 164 757 uno
186 728 221 756 et
243 720 363 756 altero
383 719 559 755 adhibito
574 746 583 758 ‚
616 732 692 755 uno
713 716 845 754 saliem
866 733 978 767 quem
1002 717 1109 755 suum
1131 721 1320 770 appellat3
1352 719 1417 758 sed
1436 736 1533 759 con-

83 787 272 834 sulum-at,
315 798 499 838 quantum
525 789 812 838 comparatione
843 788 1049 837 diligenter
1076 790 1173 826 facta
1205 791 1398 837 intellexi,
1440 791 1535 829 hinc

81 859 193 895 illinc
217 859 406 894 editiones
438 866 583 895 veteres
617 872 660 893 cx
685 858 831 895 Veneta
863 872 924 907 pr.
955 858 1107 904 ductas,
1149 873 1242 908 quas
1274 869 1397 898 tamen
1427 875 1533 898 more

83 927 191 964 istius
222 926 361 963 saeculi
392 936 428 963 ct
460 925 560 976 ipsas
588 935 759 963 veterum
790 927 966 962 codicum
1002 928 1158 964 nomine
1187 928 1378 977 dcclarat3
1420 928 1534 980 saepe

84 998 213 1042 etiam,
246 997 334 1032 dum
359 997 453 1032 alios
475 994 524 1031 fic
544 995 605 1032 vel
628 993 676 1030 sic
697 995 822 1043 legere
843 1004 995 1041 narrat,
1026 1011 1103 1032 non
1129 998 1251 1033 libros
1281 996 1345 1034 seu
1367 996 1531 1048 scriptos

83 1064 148 1102 seu
171 1067 281 1115 prelo
302 1065 488 1113 vulgatos,
521 1062 586 1099 sed
609 1063 780 1100 virorum
801 1064 1002 1100 doctorum
1023 1065 1309 1103 emendationes
1329 1067 1533 1118 protuliffe

81 1136 278 1186 putandus
312 1132 378 1171 est.
401 1132 438 1184 *)

195 1272 381 1310 Achilles
413 1274 572 1310 Statius
598 1272 675 1308 iam
705 1279 785 1310 tum
816 1272 968 1309 Catullo
998 1273 1122 1311 doctis
1152 1276 1438 1313 commentariis
1467 1275 1535 1314 in-

81 1340 223 1378 structo
249 1342 396 1387 clarus,
440 1342 613 1378 Venetiis
641 1343 759 1393 1567.
785 1343 986 1379 Tibullum
1016 1357 1103 1380 cum
1132 1347 1418 1382 commentariis
1435 1347 1534 1383 vedi--

80 1411 150 1448 dit.
222 1412 412 1461 Sequutus
447 1411 512 1447 ille
545 1409 598 1448 est
620 1412 804 1449 Aldinam
827 1412 1056 1459 secundam,
1099 1415 1238 1450 Mureti
1270 1416 1373 1464 quod
1407 1415 1533 1467 saepe,

81 1481 241 1517 miratus
267 1479 368 1526 sum,
409 1481 472 1517 vix
494 1481 613 1517 verbo
635 1482 829 1518 mentione
850 1482 968 1518 sacta:
1021 1490 1062 1518 ut
1083 1491 1211 1520 tamen
1234 1498 1305 1520 nec
1328 1499 1414 1522 eum
1434 1499 1531 1523 con-

78 1550 181 1587 vicio
213 1550 272 1586 vel
305 1549 583 1585 obtrectatione
619 1550 798 1586 vellicare
837 1540 962 1588 videri
1003 1549 1131 1600 posfit.
1212 1552 1350 1589 Fertur
1390 1562 1532 1601 tamen,

79 1633 166 1656 cum
198 1618 349 1654 ltaliam
383 1617 553 1664 adiiffet,
599 1632 686 1654 cum
720 1621 869 1656 Mureto
901 1618 1057 1666 vixiffe,
1097 1635 1221 1670 neque
1249 1622 1343 1658 adeo
1372 1623 1453 1660 eius
1482 1624 1531 1660 de

81 1688 241 1725 Tibullo
274 1688 408 1724 merita
442 1688 620 1736 ignorare
650 1689 790 1738 potuit.
849 1691 887 1725 Is
908 1689 1099 1726 librorum
1122 1690 1266 1728 bonam
1286 1692 1437 1742 copiam
1456 1693 1532 1729 ha-

79 1759 185 1804 buit3
228 1771 305 1793 non
329 1758 456 1793 minus
477 1759 579 1794 enim
603 1759 734 1794 decem
756 1756 845 1795 usus
867 1757 942 1807 est3
982 1767 1084 1797 certe
1103 1759 1254 1797 laudari
1278 1761 1408 1799 videas
1432 1762 1530 1799 duos

81 1828 310 1873 Vaticanus,
357 1841 520 1876 quorum
547 1829 710 1865 alterum
738 1829 850 1866 valde
878 1829 1080 1878 antiquum
1110 1827 1241 1876 fuiffe,
1286 1844 1331 1866 ex
1361 1840 1450 1867 nota
1480 1832 1531 1868 ad

79 1900 111 1943 1,
134 1899 171 1943 5,
193 1898 259 1934 34.
284 1896 461 1946 colligas,
508 1906 675 1936 veterem
704 1898 829 1934 bonae
851 1907 963 1935 notae
986 1899 1132 1936 librum
1155 1900 1349 1937 Guidonis
1371 1898 1533 1938 Ascanii

81 1967 247 2004 Sfortiae
267 1967 500 2013 cardinatis,
532 1968 671 2017 Angeli
692 1968 834 2004 Colotii
857 1969 1014 2016 librum,
1047 1983 1068 2006 e
1086 1984 1163 2019 quo
1179 1979 1322 2017 tamen,
1354 1980 1395 2007 ut
1413 1972 1529 2008 etiam

81 2051 126 2072 ex
158 2037 384 2073 Florentino
416 2037 675 2074 bibliothecae
715 2039 754 2074 S.
795 2039 993 2076 Laurentii
1043 2049 1080 2077 et
1127 2041 1203 2077 alio
1248 2050 1375 2078 vetere
1423 2041 1528 2079 libro

78 2115 211 2155 cerpta
259 2114 406 2142 tantum
461 2105 634 2144 habuisse
673 2108 849 2156 videtur3
908 2109 961 2145 ait
1005 2109 1110 2145 enim
1159 2111 1268 2146 fere:
1334 2114 1376 2149 in
1423 2112 1528 2149 libro

86 2177 254 2222 Coloni,
278 2180 340 2213 'm
371 2179 628 2224 Florentino,
673 2180 716 2217 in.
745 2181 869 2217 veteri
895 2179 1018 2225 libro,
1054 2181 1121 2225 ste
1148 2180 1270 2230 fi‘iffi3
1301 2181 1526 2231 affirmant,

79 2249 296 2293 testantium·
335 2254 371 2282 et
403 2245 561 2283 similem
593 2248 707 2285 aliam
735 2250 981 2286 collationem
1009 2251 1123 2287 etiam
1143 2248 1298 2287 Heinslo
1329 2248 1531 2299 contigisse

79 2315 214 2366 paullo
234 2314 319 2364 post
341 2316 578 2365 videbimus3
610 2332 727 2367 porro
749 2319 894 2357 librum
913 2320 1107 2366 Marcelli,
1136 2320 1334 2357 Pontificis
1356 2318 1527 2364 Maximi,

79 2385 305 2422 Pataxinum
328 2393 371 2434 ct¹
386 2386 481 2423 duos
502 2396 648 2424 veteres
673 2387 794 2426 libros
822 2388 922 2427 suos.
981 2390 1089 2427 Idem
1115 2391 1232 2435 alios,
1275 2391 1341 2439 qui
1374 2389 1527 2427 codices

77 2455 343 2499 contulerant,
385 2454 640 2494 consuluerat.
700 2459 785 2494 Non
816 2473 961 2510 paucae
993 2461 1075 2497 eius
1098 2461 1304 2505 lectiones,
1346 2459 1388 2496 id
1422 2457 1523 2509 quod

79 2538 150 2574 per
169 2522 206 2560 sc
227 2524 478 2572 intelligitur,
523 2540 609 2563 cum
631 2527 830 2565 Vaticanis
852 2527 996 2567 Heinfii
1027 2530 1274 2568 conveniunt.

121 2647 164 2690 ἃ)
188 2647 243 2682 Ita
261 2659 295 2682 v.
318 2658 348 2681 e.
372 2647 507 2683 factum
523 2651 562 2685 in
580 2650 662 2683 loco
679 2650 740 2685 ub.
759 2653 788 2684 1.
808 2652 862 2685 ΕΙ.
882 2652 914 2696 fi,
940 2652 974 2686 3.

998 2725 1027 2762 'b
