1752 2974
365 105 712 146 CODICIBVS
748 106 825 143 ET
874 105 1308 144 EDITIONIBVS.
1440 115 1547 146 LVII

113 221 316 270 repetitas,
355 218 421 257 etsi
442 221 567 257 nitore
587 219 685 255 sorte
703 226 741 256 et
759 231 849 255 cura
870 217 1147 270 typographica
1166 217 1358 255 notabiles
1372 245 1383 263 ,
1424 219 1549 267 qualis

113 288 366 327 Londinenfis
399 288 452 327 est
477 289 595 339 1749.
629 286 733 338 apud
754 287 808 324 Io.
830 287 1036 337 Brindley,
1064 284 1279 324 Parifienfis
1307 288 1424 336 1754.
1445 289 1550 337 apud

112 358 279 405 Barbou,
312 355 555 408 Glasguensls
575 356 724 393 Tibulli
742 365 778 393 et
796 356 985 406 Propertii
1008 357 1124 406 1753.
1146 357 1183 393 8.
1203 370 1248 392 ex
1265 355 1549 394 Broukhuslana

112 426 308 477 expressa,
356 423 734 476 Birminghamienfis
765 426 869 476 typis
903 425 1180 475 elegantiffimis
1212 427 1269 461 Io.
1302 425 1550 472 Baskerville,

118 509 235 546 1772.
295 495 452 533 Acceffit
470 495 518 531 iis
540 508 665 544 nuper
685 494 803 532 editio
823 491 1048 544 splendore,
1087 493 1272 542 elegantia
1295 502 1331 530 et
1349 494 1550 544 diligentia

53 611 55 613 ι
112 575 223 614 atque
244 574 323 602 arte
345 578 475 601 omnes
495 577 589 613 quas
608 564 775 602 vidimus
796 561 932 600 ssmiles
953 570 1110 598 conatus
1130 560 1344 612 superante,
1372 566 1552 602 Parmae

111 642 239 670 curata
270 649 290 669 a
311 634 508 669 Bodoni0:
542 634 707 679 Catulli,
744 631 906 677 Tibulli,
937 634 1146 680 Propertii
1172 632 1308 682 Opera
1333 639 1451 680 1794.
1481 633 1548 670 fol.

110 704 199 739 mai.
259 703 427 739 Praesuit
455 703 489 739 ei
522 703 581 739 vir
610 702 764 749 doctus,
804 702 844 737 in
868 699 1026 737 Tibullo
1047 701 1207 737 maxime
1227 701 1396 739 nostram
1415 717 1551 740 recen-—

108 771 249 808 slonem
282 770 474 821 sequutus.
504 772 584 819 (cs.
622 773 729 809 Gon.
765 772 855 809 Gel.
880 771 986 808 Anz.
1016 776 1136 820 ²795·
1159 783 1199 820 p.
1227 770 1375 824 1799·)
1401 771 1553 814 Inserta

109 855 260 890 quoque
290 841 422 890 passim
447 840 499 877 est
522 855 597 877 una
623 849 659 876 et
679 841 797 876 altera
817 839 937 888 elegia
958 837 1298 887 Chaestomathiis3
1333 855 1352 878 e
1380 843 1455 891 quo
1483 856 1552 892 ge·-

108 924 200 946 nere
230 910 362 960 paullo
393 909 512 947 serius
545 908 694 959 inspexi
713 909 874 958 Eclogas
906 917 981 944 vet.
1009 912 1157 959 poetar.
1181 923 1201 946 a
1225 910 1434 948 doctiffimo
1452 903 1553 960 viro-J

108 980 302 1028 Doering,
333 988 481 1015 curatas
500 988 536 1015 et
557 979 671 1014 bonis
695 979 797 1014 notis
827 976 1045 1013 instructas.

224 1049 345 1085 Multo
365 1049 492 1084 minus
516 1048 564 1084 ad
587 1045 785 1083 confilium
806 1044 979 1081 nostrum
999 1044 1165 1095 spectat,
1209 1056 1251 1085 ut
1270 1048 1460 1088 verfiones
1478 1063 1553 1088 an·-

108 1131 326 1162 numerem‚
368 1115 433 1154 etfi
464 1114 729 1167 superioribus
756 1116 869 1162 annis
890 1113 1101 1151 nonnullae
1123 1116 1343 1165 prodierint
1363 1118 1553 1168 elegantes

107 1195 144 1224 et
164 1188 313 1223 Tibulli
334 1185 483 1236 gustum
505 1186 672 1235 aliquem
690 1186 737 1223 iis
757 1186 1012 1236 propinantes
1034 1184 1143 1231 forte,
1176 1186 1242 1235 qui
1263 1186 1310 1222 i-is
1332 1188 1387 1223 uti
1409 1188 1552 1226 volent.

105 1255 262 1307 Inspexi
298 1258 399 1293 inter
427 1256 521 1292 alias
553 1254 763 1292 versionem
783 1256 946 1305 Anglice
976 1263 1168 1291 exaratam
1196 1258 1283 1292 011111
1304 1257 1406 1293 notis
1430 1271 1451 1294 a
1474 1259 1553 1294 Iao.

108 1326 302 1376 Graiuger
324 1328 375 1364 M.
401 1327 449 1362 D.
472 1325 597 1361 Lond.
628 1326 745 1375 1758.
766 1334 808 1362 ut
827 1325 921 1362 alias
942 1333 1107 1372 taceam3
1149 1324 1194 1361 de
1218 1324 1358 1375 quibus
1382 1339 1487 1363 nunc
1507 1332 1554 1362 eo

108 1396 235 1432 minus
254 1395 401 1432 neceffe
422 1393 475 1431 est
493 1395 642 1440 dicere,
674 1395 777 1444 quod
798 1394 860 1430 his
877 1394 1015 1431 diebus
1036 1394 1184 1444 prodiit
1203 1393 1304 1431 liber
1330 1396 1554 1446 praeclarus

108 1468 131 1500 J
149 1467 214 1502 ud.
240 1465 349 1503 Guil.
369 1466 685 1515 Briiggemanm'
705 1464 859 1501 Stettini
878 1472 1000 1513 1797.
1027 1464 1073 1501 A
1093 1465 1137 1502 V
1131 1466 1208 1501 ιἐιν
1228 1463 1284 1513 of
1293 1466 1359 1503 the
1377 1465 1555 1516 English

108 1535 296 1571 Editions
306 1563 320 1580 ‚
366 1535 647 1571 Translations
676 1534 764 1571 and
778 1534 1049 1580 Illustrations
1076 1533 1131 1583 of
1148 1533 1214 1570 tlze
1234 1536 1398 1572 ancient
1426 1535 1554 1573 Greek

109 1604 196 1640 and
212 1604 342 1640 Latin
360 1603 538 1641 Authors
567 1603 664 1640 with
683 1601 904 1640 Remarks:
937 1602 1003 1638 uhi
1023 1613 1063 1651 p.
1086 1603 1180 1652 575.
1205 1600 1287 1652 sqq.
1312 1603 1555 1652 diligentissi-

110 1686 169 1709 me
209 1673 348 1708 factum
377 1672 528 1708 videbis
568 1681 772 1708 conatuum
803 1673 842 1708 in
874 1671 1033 1707 Tibullo
1071 1669 1282 1708 recensum.
1352 1675 1410 1710 De
1450 1675 1553 1710 Sam.

110 1741 261 1778 Henleii
280 1741 365 1779 Viri
387 1741 486 1777 doct.
511 1739 717 1792 specimine
737 1742 812 1778 iam
830 1749 916 1777 ante
938 1741 1082 1778 dictum
1103 1739 1177 1777 est:
1204 1741 1378 1778 Italicam
1396 1739 1556 1778 selecta-

112 1825 195 1846 rum
223 1811 431 1860 elegiarum
456 1813 512 1846 Io.
534 1811 762 1861 Hieronymi
782 1810 887 1847 Carli
908 1810 1008 1847 Ven.
1028 1810 1146 1860 1756.
1179 1810 1371 1847 Gallicam
1401 1820 1555 1848 auctore

111 1881 157 1917 de
178 1882 298 1931 Pczay
334 1892 451 1930 1771.
486 1879 600 1915 aliam
631 1880 823 1917 Gallicam
851 1892 968 1929 1771.
1001 1880 1120 1916 multo
1153 1894 1240 1916 cum
1269 1888 1408 1923 ornatu
1439 1889 1556 1931 typo-

110 1948 292 1997 graphice
324 1948 515 1998 vulgatam
544 1949 646 1997 vidi3
687 1949 778 1986 nolo
809 1958 934 1986 tamen
959 1950 1055 1986 mihi
1077 1948 1223 1987 sumere
1242 1949 1339 1996 1100,
1371 1958 1411 1986 ut
1433 1949 1480 1985 de
1508 1950 1556 1990 iis

110 2017 314 2053 arbitrium
336 2018 467 2054 feram.
531 2019 668 2070 [Multo
689 2020 825 2067 1111111111ξ
837 2019 883 2054 de
903 2017 1149 2069 popularium
1169 2032 1341 2055 meorum
1363 2017 1498 2055 studiis
1519 2026 1557 2055 et

107 2086 311 2123 conatibus
334 2088 539 2138 quicquam
559 2103 769 2125 memorare
790 2086 928 2135 ausim,
970 2102 1056 2124 cum
1074 2085 1255 2138 praesens
1275 2088 1492 2138 periculum
1514 2085 1557 2124 fit

113 2155 159 2191 ab
182 2156 252 2202 iis,
284 2170 378 2205 quos
402 2172 480 2194 nou
503 2173 522 2194 a
544 2159 672 2208 primo
692 2157 817 2194 statim
839 2158 1045 2194 tentamine
1068 2158 1168 2193 inter
1189 2157 1388 2208 principes
1410 2157 1556 2194 retule—

113 2225 164 2261 ris
191 2225 307 2261 viros.
367 2227 470 2263 Raro
489 2226 542 2263 est
563 2229 628 2276 qui
652 2229 810 2265 meliora
830 2228 960 2264 doceri
979 2225 1017 2264 se
1037 2235 1102 2264 aut
1120 2227 1251 2277 cupiat
1271 2234 1335 2264 aut
1355 2225 1534 2264 sustineat
1547 2241 1559 2262 :

115 2295 216 2343 quod
233 2303 360 2331 tamen
379 2296 461 2333 vidi
484 2297 624 2333 sactum
651 2311 671 2333 a
692 2298 777 2335 viro
798 2297 911 2347 politi
941 2297 1114 2346 ingenii,
1156 2297 1222 2346 qui
1247 2296 1447 2333 Tibullum
1473 2303 1558 2331 teu-

115 2365 238 2400 tonice
281 2364 474 2402 redditum
518 2367 652 2403 Turici
692 2368 809 2418 1783.
846 2367 1032 2404 ediderat.
1072 2360 1141 2418 (v.
1182 2367 1289 2404 Gott.
1332 2365 1419 2403 Gel.
1460 2364 1558 2401 Anz-

123 2434 236 2484 1783.
268 2448 308 2484 p.
347 2433 514 2485 1951.)]

223 2503 391 2540 Tantum
429 2502 475 2539 de
512 2503 661 2540 Tibulli
705 2504 954 2543 editionibus.
1032 2505 1182 2543 Subiici
1219 2505 1281 2542 his
1318 2503 1399 2541 iuffi
1442 2504 1560 2541 vitam

117 2571 304 2619 eiusdem,
346 2570 411 2610 etsi
439 2587 517 2610 non
548 2563 638 2610 satis
669 2574 861 2624 eleganter
893 2574 1095 2627 scriptam,
1135 2589 1181 2614 ex
1217 2574 1387 2614 editione
1412 2572 1562 2623 Vulpii‚

123 2638 185 2678 sed
204 2639 357 2681 resectis
375 2643 577 2682 nonnullis
598 2644 712 2681 nimis
734 2644 852 2683 otiose
885 2645 1102 2698 disputatis.

670 2729 976 2747 --.--.---
1432 2711 1565 2749 ·DE
