1752 2974
114 123 170 168 38

569 126 705 170 ALB
725 126 779 169 ΙΙ
837 125 1135 169 TIBVLLI

119 243 303 312 Qualis
337 256 414 303 et,
460 256 663 294 arentes
688 260 857 307 quum
884 242 1040 293 findit
1066 245 1235 294 Sirius
1259 260 1427 310 agrOS,

189 334 400 382 Fertilis
435 332 628 381 aestiva
664 332 829 380 Nilus
861 332 1095 382 abundet
1132 333 1299 396 aqua?

118 418 248 467 Nile
276 431 447 486 pater,
489 435 716 484 quanam
745 417 926 483 poflim
956 431 1007 468 te
1029 421 1203 469 dicere
1225 417 1391 476 causa,

195 509 302 556 Aut
337 509 534 573 quibus
568 508 626 555 in
664 507 816 554 terris
848 507 1132 557 occuluisse
1159 507 1353 576 caput?

120 597 200 643 Te
224 607 447 661 propter
466 595 648 644 nullos
671 594 829 642 tellus
852 604 944 643 tua
964 594 1196 661 postulat
1215 595 1428 651 imbres,

1511 601 1582 652 9-5

195 682 358 730 Arida
395 699 492 731 nec
513 682 707 732 Pluvio
741 679 1002 748 supplicat
1032 683 1196 732 herba
1219 683 1353 732 Iovi.

121 772 201 819 Te
240 771 380 818 canit
412 781 572 835 atque
599 768 757 818 suum
793 770 963 836 pubes
996 771 1219 819 miratur
1248 769 1439 820 Osirim

199 858 449 917 Barbara,
487 857 830 924 Memphiten
862 859 1125 925 plangere¹
1149 857 1302 907 docta
1339 858 1550 908 bovem.

126 1068 329 1107 declarata.
389 1070 475 1107 Post
494 1070 735 1106 Bochartum
763 1069 825 1106 vi-

128 1125 247 1161 dendi
258 1127 441 1175 inprimis
459 1127 617 1174 Mignot
628 1126 689 1170 (in
703 1127 828 1162 Mem.

129 1182 176 1217 de
187 1183 330 1218 I‘Acad.
343 1184 405 1218 des
418 1182 527 1231 Inscr.
541 1184 613 1218 TO.
625 1181 829 1225 XXXIV.)

128 1248 167 1272 et
199 1240 347 1286 Bryant
383 1238 589 1288 (Analyfis
620 1237 666 1285 of
683 1240 832 1273 ancient

129 1294 381 1345 Mythology
398 1310 436 1345 p.
463 1303 554 1338 225.
579 1295 688 1343 sqq.)-

191 1360 257 1385 21.
300 1361 444 1387 arentes
484 1365 592 1399 quum
625 1349 689 1398 f.)
745 1349 837 1386 Nili

132 1418 270 1443 auctus
306 1407 351 1443 fit
375 1407 443 1443 ille
477 1406 637 1454 quidem
668 1406 760 1441 inde
789 1405 836 1441 ab

132 1462 290 1511 Aprili,
323 1464 367 1498 iu
398 1462 496 1498 Iocis
521 1472 648 1496 tamen
666 1460 840 1509 Aegypti

135 1519 237 1554 circa
268 1519 491 1567 Memphim
527 1530 609 1553 non
638 1517 708 1552 nifi
743 1517 836 1552 inde

136 1587 158 1609 a
190 1575 304 1610 Iunio
337 1576 402 1611 sub
432 1573 744 1610 observationem
765 1573 838 1607 ho·

134 1631 293 1665 :minum
336 1632 466 1671 venit,
520 1642 642 1678 usque
683 1631 727 1664 ad
775 1632 838 1664 Se·

135 1687 359 1736 ptembrem
391 1697 619 1727 exeuntem3
666 1686 841 1733 adeoque

140 1743 352 1780 Caniculae
395 1755 504 1779 ortus
541 1745 584 1778 in
618 1742 718 1778 illud
750 1752 844 1777 tem·

139 1811 216 1847 pus
255 1800 417 1841 incidit,
472 1799 561 1835 Sole
591 1800 633 1834 in
669 1800 844 1834 Leonem

140 1864 378 1892 transeunte.
410 1856 460 1891 H.
520 1853 682 1904 aestiva,
724 1854 848 1902 qualis

146 1910 279 1946 aestate
313 1913 384 1947 effe
418 1912 525 1948 solet.
567 1911 669 1947 conf.
704 1911 848 1946 dehac

146 1966 428 2014 fignificatione
449 1971 486 2009 Ι,
512 1978 549 2009 2,
571 1976 637 2011 52.
671 1978 708 2002 et
734 1967 849 2001 hiber-

146 2035 218 2058 nas
242 2025 358 2059 undas
377 2025 480 2074 apud
504 2025 618 2074 Virg.
639 2027 735 2060 Aen.
756 2024 850 2063 VII,

149 2086 251 2128 719.
284 2081 349 2116 W.

209 2144 274 2178 23.
316 2137 470 2174 Notum
510 2139 561 2174 est
595 2136 686 2174 Nili
725 2137 851 2173 fontes

153 2188 253 2226 olim
281 2191 480 2241 ignoratos
513 2194 637 2230 fuiffe.
696 2194 769 2228 Res
799 2204 852 2227 ta-

155 2258 247 2282 men
284 2262 388 2285 nunc
423 2251 580 2299 quidem
615 2252 687 2285 Iac.
718 2250 854 2284 Brucii

153 2304 378 2341 narratione
402 2307 486 2342 satis
505 2308 548 2342 ad
563 2305 759 2354 liquidum
772 2319 857 2354 per-

161 2357 287 2397 ducta.
350 2362 544 2399 Praeclare
580 2363 752 2412 phyficas
786 2375 856 2397 no-

159 2415 291 2452 tiones
331 2418 490 2466 poe‘tico
534 2433 600 2454 ore
642 2418 786 2453 extulit
814 2418 858 2453 in

160 2470 365 2519 splendido
398 2474 486 2512 loco
513 2474 683 2512 de·Nilo
711 2474 859 2509 Thom-

162 2529 279 2564 sonus
323 2529 392 2580 (in
433 2533 597 2567 Summer
646 2540 738 2575 775.
779 2531 858 2578 sqq.

165 2593 217 2631 79
226 2593 331 2630 2-8
343 2601 357 2621 1
369 2588 436 2635 0.).
469 2588 588 2625 Nilus
597 2596 706 2637 pater
715 2587 860 2621 dicitur

165 2643 369 2677 communi
415 2642 631 2681 fluviorum
675 2643 860 2691 epitheto.

169 2695 412 2750 Oce-aluitque
447 2709 558 2754 caput
587 2700 705 2738 etiam
737 2698 861 2736 Ovid.

893 1071 946 1105 ΙΙ.
976 1070 1073 1106 Met.
1109 1075 1202 1113 255.

1383 947 1594 995 Primus

1270 1070 1369 1104 Rem
1398 1068 1598 1116 ingeniose

896 1127 939 1161 in
962 1128 1067 1173 figno
1081 1126 1170 1162 Nili
1187 1125 1381 1162 redditam
1394 1123 1597 1165 habemus,

899 1183 1008 1231 quod
1036 1182 1238 1218 Faneellus
1266 1181 1311 1216 ad
1332 1181 1494 1216 Bernini
1517 1193 1598 1215 ma-

900 1253 997 1274 num
1028 1238 1175 1273 effinxit
1204 1239 1246 1273 in
1277 1236 1498 1285 Capitolio,
1539 1250 1598 1271 ca·-

902 1296 981 1343 pite
1003 1294 1090 1331 Nili
1110 1295 1230 1343 patris
1251 1293 1380 1329 velato
1401 1293 1503 1340 apud
1520 1294 1598 1328 Ru·

904 1352 1022 1387 beum
1055 1353 1148 1385 Stat.
1181 1352 1268 1386 Ant.
1301 1351 1463 1386 XCVII.
1593 1342 1597 1345 ⁷

965 1407 1029 1441 26.
1068 1407 1200 1441 Fluvio
1231 1423 1285 1432 —
1315 1406 1423 1449 Iovi)
1469 1419 1488 1439 a
1521 1418 1601 1454 quo

905 1461 1041 1511 pluvia
1114 1461 1340 1497 mittebatur
1361 1475 1371 1501 ;
1448 1461 1604 1497 Graecis

898 1517 1047 1557 Ὑέτιος.
1089 1516 1217 1552 Multa
1238 1516 1454 1565 congeffere
1479 1517 1606 1553 Gebh.

906 1572 1088 1610 Broukh-
1117 1584 1154 1609 et
1179 1573 1363 1622 Vulpius.
1421 1574 1607 1621 Agnosci-

909 1642 973 1666 tur
1014 1643 1118 1664 nunc
1159 1629 1279 1678 vulgo
1324 1629 1433 1664 Iovis
1473 1629 1609 1665 Pluvii

912 1689 1063 1734 [ignum
1111 1686 1153 1721 in
1205 1685 1398 1721 Columna
1441 1686 1609 1720 Antoni-

913 1744 1040 1783 niana.
1069 1752 1115 1778 ut
1136 1756 1153 1776 a
1179 1742 1318 1777 Santes.
1341 1741 1610 1787 Bartolio'gex-

914 1799 1036 1849 press'a
1067 1812 1109 1834 ea
1133 1798 1181 1833 est
1201 1812 1239 1832 n.
1267 1805 1328 1841 15.

975 1865 1040 1899 27.
1075 1857 1233 1890 ‘miratur
1269 1853 1433 1904 Osirim)
1471 1854 1511 1890 h.
1551 1867 1611 1890 re-

916 1923 1096 1951 veretur,
1136 1921 1354 1946 veneratur.
1396 1923 1434 1944 v.
1468 1911 1612 1958 Cuper.

917 1971 970 2003 11.
1002 1967 1107 2003 Obss'.
1137 1978 1170 2001 1.
1230 1967 1321 2002 Fuit
1343 1976 1470 2001 autem
1493 1965 1614 2003 Nilus

917 2037 1007 2060 cum
1061 2022 1209 2058 Ofiride
1259 2023 1362 2058 inter
1405 2022 1614 2070 praecipua

917 2079 1078 2116 numina
1128 2080 1173 2115 ab
1225 2077 1431 2127 Aegyptiis
1485 2077 1614 2119 culta;

921 2136 1030 2184 quod
1068 2133 1256 2170 illustrare
1292 2135 1422 2169 saltem
1458 2133 1617 2182 poffunt:

924 2193 1026 2228 dicta
1058 2205 1076 2226 a
1110 2191 1333 2228 lablonslzio
1361 2190 1406 2228 de
1427 2190 1519 2225 Diis
1541 2192 1617 2225 Ae·

925 2260 1032 2297 gypt.
1063 2246 1134 2284 lib.
1162 2250 1227 2289 IV,
1267 2262 1301 2284 1.
1334 2258 1371 2283 et
1396 2245 1443 2282 de
1465 2245 1620 2282 ostride

923 2305 996 2341 lib.
1018 2307 1076 2345 II,
1104 2319 1138 2340 ι.

983 2367 1048 2406 28.
1080 2359 1320 2408 Memphiten
1345 2358 1524 2409 plangere
1551 2359 1619 2394 do·

926 2427 986 2453 cta
1010 2418 1163 2462 bovem)
1193 2416 1264 2453 int.
1286 2416 1416 2465 Apim.
1439 2416 1621 2464 plangere

927 2475 1056 2510 bovem
1106 2473 1147 2508 h.
1187 2474 1221 2509 se
1261 2484 1421 2521 propter
1459 2471 1618 2506 bovem.

927 2543 966 2565 v.
1000 2530 1106 2566 Obss'.
1146 2530 1197 2565 H.
1257 2528 1383 2566 Verba
1402 2527 1515 2575 pubes
1537 2527 1621 2562 bar-

929 2586 1043 2626 bara,
1072 2586 1112 2621 h.
1136 2599 1167 2621 e.
1192 2584 1355 2623 barbari,
1388 2584 1435 2619 cf.
1455 2583 1550 2619 Not.
1573 2581 1621 2617 ad

928 2652 1064 2690 v.·7.,
1115 2642 1238 2681 Mem.
1268 2641 1321 2687 pl.
1355 2641 1466 2676 docta
1492 2638 1622 2676 bovem

928 2698 1146 2749 Aegyptios
1175 2707 1323 2734 notant.
1354 2697 1423 2734 W.
