1752 2974
173 56 228 88 w
671 39 1124 87 PRAEFATIO.

172 156 386 199 coneeffit.
447 156 639 197 Carmen
672 156 879 197 collatum
904 164 998 198 erat
1022 172 1121 198 cum
1146 153 1314 198 Aldina
1346 172 1448 200 ann.
1473 144 1602 209 15o2;

169 248 303 304 igitur
345 247 452 288 haec
489 261 664 303 quoque
703 246 878 287 collatio
914 248 967 288 ad
1002 247 1115 288 hanc
1148 246 1319 288 Tibulli
1360 247 1599 290 editionem

164 339 446 384 noviffimam
476 337 601 378 nobis
630 335 712 376 suit
740 336 1004 379 revocanda.
1036 362 1091 369 -
1149 337 1248 378 Post
1279 335 1387 378 haec
1422 336 1476 378 de
1506 338 1599 379 col-
1683 369 1687 375 .

165 429 403 474 lationibus
437 424 684 468 editionum
714 425 925 469 dicemus.
987 427 1057 470 Ac
1090 427 1286 484 primum
1315 427 1495 483 quidem
1521 442 1601 469 ex-

164 521 368 564 hibemus
413 517 622 558 lectiones
668 515 872 558 editionis
919 516 1134 581 principis
1173 516 1287 567 eius,
1348 531 1460 572 quae
1498 531 1600 559 ann.

167 610 290 665 1472·
334 608 469 650 form.
503 605 659 648 maior.
696 606 900 663 impressa
938 607 1010 650 est.
1084 606 1267 648 Miserat
1308 607 1420 649 hano
1463 608 1600 649 colla-

163 702 336 743 tionem
370 697 424 740 V.
461 698 503 740 d.
542 697 713 739 Bardili
752 697 1131 748 Wunderlichio,
1182 697 1259 752 qui
1292 697 1501 740 lectiones
1541 713 1597 739 cx

165 808 218 835 ea
246 790 392 832 attulit
423 789 527 831 inde
555 804 580 830 a
609 788 708 831 libr.
738 788 780 840 I,
812 789 861 841 4,
893 788 961 831 68.
995 803 1133 844 usque
1164 788 1218 830 ad
1247 788 1348 830 libr.
1377 788 1420 841 Ι,
1456 804 1504 844 7,
1529 789 1598 840 25,

162 896 434 940 quamquam
473 896 564 922 non
603 894 757 921 omnes
796 887 840 921 et
872 880 920 921 in
957 879 1032 930 iis,
1082 893 1188 934 quas
1218 878 1384 929 attulit,
1436 877 1598 920 descri-

163 973 318 1018 bendis
356 970 586 1027 aliquoties
624 971 782 1028 lapsus.
850 970 983 1012 Unde
1015 970 1178 1012 iterum
1211 984 1419 1025 rogamus
1458 970 1600 1010 lecto·-

161 1079 285 1113 rem,
317 1070 365 1104 ut
396 1063 642 1104 constanter
672 1062 830 1103 nostris
862 1070 1023 1104 utatur.
1081 1059 1341 1118 Appellavit
1367 1060 1480 1101 hanc
1502 1058 1598 1100 edi-

161 1156 329 1198 tionem
358 1152 736 1195 VVunderlichius
770 1151 1016 1203 Venetam,
1075 1151 1178 1207 quia
1218 1151 1307 1193 viri
1344 1151 1460 1192 docti
1499 1163 1595 1191 eam

159 1244 365 1288 venetiis
412 1244 615 1285 excusam
662 1244 744 1284 effe
791 1242 1132 1299 suspicabantur.
1211 1241 1299 1282 Sed
1337 1256 1475 1297 quum
1512 1239 1597 1281 hoc

161 1344 282 1383 certo
318 1349 408 1376 non
438 1334 624 1382 constet,
671 1346 775 1373 cum
801 1331 1031 1374 Huschkio
1069 1332 1312 1373 editionem
1345 1331 1610 1388 principem'

158 1427 378 1471 maiorem
416 1439 518 1466 ann.
555 1421 678 1479 1472.
721 1437 817 1464 eam
857 1422 1084 1479 appellare
1120 1421 1384 1471 maluimus,
1436 1429 1594 1463 tenen-

160 1517 356 1572 dumque
386 1513 564 1564 lectori,
616 1527 748 1568 quam
777 1511 1005 1555 Venetam
1033 1511 1412 1554 Wunderlichius
1445 1511 1594 1553 nomi-

158 1609 307 1660 navit,
337 1621 436 1649 eam
469 1605 717 1646 constanter
747 1618 772 1645 a
801 1603 926 1646 nobis
951 1603 1189 1646 editionem
1221 1601 1469 1661 principem
1494 1617 1591 1644 ma-

157 1700 304 1744 iorem
348 1696 448 1739 dici.
518 1695 755 1737 Caeterum
787 1694 901 1737 hauc
930 1708 1107 1750 quoque
1137 1693 1419 1734 collationem
1452 1692 1512 1735 V.
1545 1693 1588 1734 d.

156 1789 327 1833 Bardili
362 1789 453 1845 ipse
485 1785 674 1838 fecerat,
723 1800 862 1841 quum
895 1784 1066 1826 Parifiis
1100 1787 1219 1835 effet,
1270 1785 1369 1825 usus
1402 1783 1455 1824 ad
1491 1797 1590 1824 eam

155 1896 257 1926 rem
293 1878 488 1921 editione
525 1876 681 1920 Ioann.
718 1875 863 1919 Henr.
896 1875 1038 1918 Vosfii
1076 1875 1283 1918 Heidelb.
1324 1889 1427 1918 ann.
1468 1873 1587 1916 1811.

157 1971 313 2026 Quum
346 1975 494 2010 autem
527 1966 752 2009 Carminis
780 1968 835 2009 ad
862 1967 1089 2009 Meffalam
1116 1965 1324 2007 lectiones
1357 1980 1446 2027 non
1478 1979 1587 2005 eno-

156 2064 278 2104 taffet
305 2058 501 2110 Bardili,
543 2059 691 2116 postea
717 2066 895 2114 rogatus
926 2058 978 2099 ab
1008 2073 1060 2100 eo
1090 2056 1173 2098 hoc
1201 2056 1394 2098 Carmen
1427 2054 1589 2096 descri-

154 2155 300 2213 pserat
334 2158 377 2194 et
416 2150 601 2193 omnino
639 2156 783 2190 totum
817 2149 982 2209 librum
1015 2155 1222 2204 quartum
1253 2147 1397 2188 denuo
1429 2152 1588 2186 contu-—

153 2246 270 2288 lerat
304 2241 478 2284 iuvenis
516 2239 855 2282 accuratisfimus
887 2238 1129 2292 Waetjen,
1180 2238 1373 2281 adhibita
1415 2233 1587 2292 Heynii

156 2334 352 2378 editione
380 2347 482 2374 ann.
515 2346 641 2387 1777.
697 2330 792 2371 Nos
817 2329 926 2372 haec
958 2329 1111 2373 omnia
1142 2329 1268 2372 nobis
1297 2329 1416 2370 miffa
1438 2327 1586 2368 novis-

154 2427 286 2472 fimae
320 2422 492 2466 Tibulli
533 2419 717 2463 editioni
754 2420 1202 2463 accommodavimus.
1253 2442 1307 2453 -—
1372 2418 1585 2461 Dicemus

155 2518 249 2560 iani
277 2515 332 2559 de
362 2512 600 2557 collatione
630 2510 834 2555 editionis
867 2512 1082 2571 principis
1118 2511 1250 2554 form.
1280 2511 1445 2554 minor.
1481 2522 1583 2548 ann.

1463 2597 1586 2655 1472.
