1752 2974
53 831 207 922 Quum
239 866 329 902 inde
360 879 480 902 exreo
512 873 705 916 tempore,
737 880 812 916 quo
842 862 975 903 ultima
1004 862 1145 915 Heynii
1176 860 1295 901 editio
1321 865 1487 915 prodiit,-

53 936 118 972 alii
150 935 263 971 etiam
294 935 488 970 extiterint
516 935 588 971 viri
621 935 746 979 docti,
796 934 862 984 qui
894 932 1054 970 Tibullo
1085 931 1252 970 studium
1283 931 1391 970 suum
1420 940 1483 971 at·-

52 1018 125 1054 que
154 1016 309 1053 operam
341 1002 534 1049 dicarent,
574 1003 714 1049 multa,
755 1016 850 1053 quae
882 1004 930 1040 ad
960 1001 1137 1038 notitiam
1168 1001 1380 1039 literariam
1411 1000 1484 1039 'Ii—³

51 1072 150 1109 bulli
180 1071 399 1122 pertinent,
433 1071 592 1117 melius,
632 1085 746 1122 quam
778 1080 889 1108 antea
920 1070 1004 1107 fieri
1033 1078 1235 1121 potuerat,
1278 1069 1483 1110 constituta

52 1149 89 1177 et
119 1138 304 1190 exposita,
353 1140 427 1175 alia
466 1141 578 1176 etiam
618 1137 775 1190 prorsus
816 1153 917 1176 nova
955 1139 1101 1174 detecta
1137 1146 1174 1175 et
1209 1139 1361 1188 prolata
1393 1138 1479 1186 effe,

49 1209 153 1246 haud
193 1206 281 1245 sane
319 1206 393 1253 est,
443 1207 547 1257 quod
587 1207 752 1243 mireris.
822 1205 918 1242 Nam
954 1219 1033 1242 non
1063 1206 1325 1255 antiquiorum
1355 1201 1480 1247 solum

49 1277 262 1315 editionum
294 1289 398 1311 nunc
432 1275 549 1312 multo
581 1275 856 1312 accuratiorem
885 1274 1070 1311 habemus
1099 1274 1380 1324 cognitionem,
1414 1273 1481 1312 sed

51 1346 212 1382 Codices
239 1345 351 1381 etiam
385 1343 487 1379 haud
513 1344 627 1393 pauci
657 1343 784 1379 denuo
816 1341 905 1378 sunt
935 1342 1087 1387 collati,
1120 1355 1315 1392 novaeque
1343 1356 1481 1379 recen-

48 1412 170 1450 fiones
212 1412 325 1448 huius
365 1419 499 1462 poetae
541 1420 704 1449 curatae.
781 1410 989 1459 Praecipue
1023 1423 1113 1447 vero
1155 1407 1358 1446 doctissimi
1390 1411 1478 1457 viri,-

46 1481 213 1526 Bardili,
245 1495 335 1517 cura
366 1479 567 1528 studioque
598 1478 772 1515 effectum
805 1477 880 1525 est,
914 1486 952 1514 ut
980 1486 1080 1523 tota,
1111 1491 1206 1527 quae
1234 1476 1287 1513 est
1314 1478 1360 1514 de
1391 1479 1478 1514 edi-

45 1551 217 1587 tionibus
250 1548 516 1600 principibus,
568 1545 783 1596 disquisitio
814 1559 919 1581 nunc
950 1545 1130 1581 omnibus
1160 1546 1330 1582 numeris
1362 1544 1479 1582 abso-

45 1619 123 1655 luta
167 1619 340 1654 videatur
379 1624 488 1665 atque
528 1615 709 1664 perfecta.
789 1616 895 1660 Quae
938 1627 995 1650 res
1038 1621 1079 1649 ut
1117 1614 1272 1650 maximi
1304 1613 1357 1650 est
1392 1629 1477 1650 mo-

45 1686 188 1730 menti,
238 1686 286 1721 ita
319 1699 399 1721 eam
435 1685 476 1719 in
508 1681 638 1719 nostro
668 1682 741 1719 hoc
772 1695 887 1732 opere
928 1680 1184 1730 gravissimam
1226 1681 1321 1727 effe,
1368 1682 1475 1720 haud

45 1762 268 1792 cunctanter
299 1753 605 1802 pronuntiamus.
677 1752 804 1797 Quum
838 1763 927 1786 vero
959 1764 1029 1787 nos
1060 1751 1117 1796 ei,
1159 1765 1271 1803 quam
1302 1751 1475 1802 Heynius

45 1822 192 1859 secutus
224 1821 302 1869 est,
342 1821 482 1857 rationi
515 1820 642 1856 omnia
666 1819 951 1855 accommodare
982 1816 1325 1865 constituissemus,
1363 1828 1476 1856 ante-³·

45 1906 157 1941 quam
200 1891 247 1925 ad
288 1889 359 1925 hoc
399 1886 499 1939 quali
543 1896 657 1938 caput
705 1886 980 1937 disputationis
1031 1885 1182 1923 nostrae
1232 1888 1472 1933 accedamue,

42 1973 164 2010 pauca
195 1958 403 2008 quaedum,
436 1971 555 2007 eaque
581 1956 750 2002 leviora,
783 1955 824 1990 in
854 1955 925 2001 iis,
955 1967 1050 2003 quae
1080 1955 1121 1991 in
1151 1955 1293 2006 Heynii
1324 1955 1473 1994 descri-

44 2028 175 2079 ptione
205 2028 455 2074 antecedunt,
486 2024 657 2062 notanda
687 2031 789 2059 sunt.

157 2098 264 2145 Pagr,
301 2097 399 2134 XV.
432 2097 459 2133 l.
493 2095 530 2132 6.
564 2108 585 2130 a
617 2092 693 2128 fine
723 2105 795 2143 pro
834 2089 1094 2131 Vicentc‘nam
1129 2092 1249 2130 1482.
1281 2092 1354 2143 leg.
1390 2094 1469 2131 1OE

45 2168 249 2203 »sentinam
284 2164 402 2201 1481.

160 2234 266 2280 Pag.
293 2230 440 2268 XVII.
471 2220 557 2267 lf2.
586 2230 733 2267 Veneta
754 2228 856 2267 Scoti
886 2228 1004 2265 editio
1033 2229 1182 2279 prodiit
1213 2243 1246 2266 a.
1275 2229 1392 2280 1549.
1411 2247 1467 2257 ·-·

45 2303 94 2338 At
125 2300 246 2336 Paulli
280 2298 441 2335 Manutii
473 2298 676 2344 Tibullus,
730 2297 794 2347 qui
825 2296 947 2333 eiusd.
976 2310 1066 2347 pag.
1096 2297 1123 2333 l.
1153 2298 1192 2335 6.
1222 2305 1465 2343 memoratur,

42 2383 75 2406 a.
109 2369 228 2406 1558.
262 2368 384 2404 editus
414 2365 478 2403 cst·

156 2436 263 2485 Pag.
295 2436 464 2473 XXVI.
524 2435 622 2471 Cum
655 2434 727 2479 iis,
759 2446 854 2482 quae
885 2433 932 2470 de
959 2433 1101 2469 Seneca
1130 2433 1249 2470 tradit
1277 2434 1463 2482 Heynius‚

43 2505 111 2542 cfr.
138 2505 294 2551 Harles,
325 2504 390 2553 qui
422 2503 461 2538 in
494 2502 749 2551 supplement.
781 2503 828 2538 ad
858 2501 1026 2540 brevior.
1057 2501 1169 2538 notit.
1193 2501 1329 2538 literat.
1350 2502 1459 2538 Rom.

45 2574 152 2610 Toni.
184 2577 213 2612 Ι.
246 2588 286 2626 p.
316 2574 393 2622 347
430 2570 507 2622 seq.
549 2572 725 2617 „Medim
757 2571 903 2620 inquit,
935 2569 1083 2609 saeculo
1110 2569 1184 2609 XV
1215 2569 1344 2607 floruit
1371 2569 1463 2618 qui-

844 2650 859 2676 1
894 2639 913 2658 *
1373 2636 1463 2673 dant
