1752 2974
190 47 218 85 8
748 42 1065 102 ΑὈΠΕΝΠΑ-

194 155 276 208 ipsa
309 154 347 192 in
380 154 551 194 editione
581 154 696 195 obvia
724 157 841 195 verba
871 157 1080 203 videntur,
1110 156 1253 207 quippe
1283 167 1379 204 quae
1409 154 1498 196 sunt
1525 171 1623 209 pro-

194 225 271 262 lata
303 225 350 262 ab
378 224 546 262 Audiffr.
602 225 711 262 Idem
730 225 951 263 Montefale.
983 225 1271 263 emendationes
1302 226 1397 262 dicit
1427 226 1558 262 adesse
1587 234 1623 263 ct

196 291 334 344 glossas
364 293 572 342 quasdam,
617 291 770 329 sortasse
798 293 995 331 Politiani.
1065 293 1147 330 Cfr.
1178 293 1292 330 etiam
1324 307 1419 343 qnae
1453 293 1553 330 infra
1585 294 1626 330 iu

197 369 356 410 quartae
393 360 583 412 principis
626 360 810 398 editionis
854 359 1116 411 descriptione
1155 361 1202 397 de
1236 361 1307 398 hac
1335 362 1460 418 prima
1491 358 1626 411 passim

197 429 293 482 dicit
323 428 532 465 Morcllius.
591 428 741 469 Primae
772 429 891 478 igitur
919 427 1034 465 huius
1063 428 1245 465 editionis
1277 429 1467 481 principis
1497 430 1631 468 diver-

200 495 260 534 sas
285 497 472 538 lectiones
505 508 593 532 cum
623 495 763 535 lectore
795 496 897 534 infra
925 497 1307 538 communicabimus.

880 617 941 663 ΙΙ.

318 698 501 748 Sequitur
536 696 703 735 fecunda
731 698 916 749 princeps
947 699 1098 736 Tibulli
1127 698 1270 744 editio,
1308 699 1361 736 ita
1391 698 1583 751 descripta
1613 715 1635 740 a

202 767 374 803 Panzero
403 767 452 804 A.
484 767 530 803 T.
566 768 675 804 Tom.
705 765 775 803 IV.
813 779 853 815 p.
888 778 924 816 7.
957 780 997 803 n.
1029 768 1118 804 31.:
1173 768 1378 813 „SEXTL
1409 768 1635 806 AURELII.

206 834 496 871 PROPERTII.
558 835 729 873 ,Nantae
768 832 918 872 Umbri.
960 835 1129 884 Incipit.
1171 833 1310 872 Liber.
1355 836 1634 885 Aelegiczrmn.

206 903 286 940 uel.
319 902 537 939 monobiles
566 902 635 940 Acl
654 904 816 940 millum.
857 903 904 938 In
936 901 1036 939 fine:
1067 904 1197 942 Sexti.
1232 905 1450 953 Propertii.
1483 906 1637 942 Nante.

206 970 383 1008 Aurelii.
424 971 559 1007 Poete.
610 970 900 1020 Inlzffiriffi‘mi.
941 969 1078 1009 Liber.
1119 971 1314 1020 Explicit.
1366 971 1465 1008 Sub.
1502 973 1640 1013 Λιῑηο.

207 1039 383 1076 Domini
409 1038 771 1076 M.CCCC.LXXII.
803 1039 958 1083 Mensis
984 1038 1216 1076 Februarii.
1276 1038 1476 1088 Sequitur:
1505 1040 1641 1076 ALBII

209 1105 416 1141 TIBULLI
455 1106 598 1155 Equit.
639 1106 718 1143 Ro.
759 1107 991 1156 Poetaeqae
1028 1108 1251 1158 Clarissimi
1288 1106 1416 1144 Liber
1444 1108 1642 1159 Aelegia-

212 1186 312 1210 rum.
342 1174 512 1210 Primus
539 1175 699 1221 incipit.
757 1175 804 1209 In
835 1172 911 1209 fine
942 1175 1026 1210 eius
1056 1174 1355 1224 Epitaphium.-

325 1241 380 1277 Te
411 1253 561 1290 quoque
592 1240 749 1289 uirgilio
779 1241 955 1277 comitem
985 1254 1062 1277 non
1095 1255 1214 1290 aequa
1246 1242 1384 1279 tibulle

411 1309 515 1344 Mors
547 1308 727 1344 iuuenem
756 1320 912 1357 campos
942 1306 1042 1344 misit
1072 1310 1112 1345 in
1144 1308 1282 1346 elifios.

329 1375 384 1413 Ne
414 1376 511 1411 soret
542 1382 604 1410 aut
634 1373 750 1423 elegis
782 1374 918 1411 molles
949 1375 1016 1424 qui
1047 1376 1153 1413 fleret
1184 1390 1346 1415 amores.

411 1444 491 1490 Aut
519 1449 674 1479 caneret
705 1443 794 1479 forti
824 1441 945 1479 tristia
975 1444 1077 1480 bella
1106 1444 1217 1494 pede.

218 1510 376 1547 Accedit
413 1510 530 1548 breve
568 1511 705 1546 Poetae
744 1503 924 1561 elogium.
992 1514 1038 1548 In
1077 1512 1152 1549 sine
1185 1513 1336 1550 Tibulli
1374 1514 1467 1551 anni
1498 1515 1644 1551 notatio

217 1576 465 1616 desideratur.
525 1577 640 1616 Char.
669 1577 737 1615 lat.
768 1577 845 1615 fine
875 1576 968 1628 fign.
1000 1578 1094 1616 cust.
1126 1589 1161 1616 et
1191 1595 1302 1631 pagg.
1334 1596 1440 1619 num.
1469 1584 1506 1620 [1..
1531 1586 1625 1620 min.

331 1646 463 1683 Editio
495 1646 681 1697 princeps
721 1644 898 1683 secunda.
958 1648 1087 1684 Prima
1117 1647 1170 1684 est
1200 1650 1347 1686 Veneta
1377 1650 1416 1689 h,
1447 1665 1480 1686 a.
1525 1651 1647 1686 Denis

332 1712 460 1765 suppl.
501 1728 541 1764 p.
580 1726 642 1763 17.
681 1715 848 1751 Audiffr.
888 1729 929 1765 p.
961 1717 1057 1753 440.
1100 1718 1183 1755 Cat.
1216 1721 1314 1757 bibl.
1347 1717 1484 1756 Pinelli
1514 1720 1564 1754 ΙΙ.
1605 1733 1646 1769 p.

333 1783 429 1834 367.
465 1782 566 1819 bibl.
596 1779 744 1820 Ascew.
775 1797 816 1833 p.
849 1794 941 1820 121.
979 1782 1085 1821 Rosfi
1114 1800 1154 1836 p.
1187 1801 1251 1837 7¹·
1297 1788 1467 1825 Pertinet
1494 1785 1648 1824 sortasse

333 1851 380 1886 ad
410 1850 510 1888 hanc
538 1852 748 1888 editionem
779 1852 890 1887 etiam
924 1851 1139 1890 Catullus.“

217 1917 299 1955 Hae
326 1919 520 1966 editione,
567 1929 608 1957 ut
634 1918 746 1970 supra
779 1921 854 1956 iam
888 1921 1126 1967 monuimus,
1174 1919 1311 1971 passim
1339 1921 1428 1960 usus
1458 1922 1511 1961 est
1545 1923 1649 1961 Vul-

216 1988 319 2036 pius.
387 1988 587 2024 Caeterum
613 2001 684 2025 nos
714 2002 819 2034 eam,
862 2001 947 2025 cum
978 1988 1126 2027 doctiss.
1159 1989 1374 2038 Huschkio,
1429 1993 1494 2040 qui
1525 1992 1650 2029 colla-

217 2055 362 2091 tionem
392 2055 579 2095 benevole
601 2055 742 2094 nostris
764 2054 890 2094 ufibus
911 2055 1105 2104 concessu,
1136 2059 1381 2096 nominamus
1412 2060 1504 2097 edit.
1533 2061 1649 2111 prin-

217 2122 343 2174 cipem
371 2124 574 2164 minorem.

896 2233 976 2277 ΙΙΙ.

341 2326 470 2363 Tertia
501 2327 619 2364 editio
648 2328 828 2378 princeps
859 2335 1066 2364 memorata
1097 2327 1149 2364 est
1180 2329 1227 2364 ab
1250 2331 1401 2381 Heynio
1431 2344 1518 2381 pag.
1547 2331 1645 2368 XLI.

224 2401 304 2429 not.
335 2391 390 2441 *).
449 2396 570 2433 Huius
601 2396 783 2450 editionis
813 2404 1027 2438 accuratam
1057 2395 1376 2447 descriptionmii,
1408 2412 1518 2448 quam
1541 2398 1647 2434 dedit

222 2459 421 2497 Motellius
452 2463 492 2499 in
524 2464 707 2500 biblioth.
738 2465 876 2500 Pinelli
908 2466 954 2500 T.
986 2467 1038 2501 ll.
1068 2480 1105 2514 p.
1137 2467 1229 2504 383.
1262 2482 1326 2503 no.
1349 2469 1470 2506 5051.
1499 2465 1561 2501 hic
1584 2467 1645 2501 in-

222 2524 416 2566 seramus:
446 2531 573 2577 „Alb.
607 2531 754 2568 Tibulli
785 2533 978 2569 Carmina.
1038 2533 1194 2582 Absque
1224 2535 1300 2572 ulla
1323 2544 1412 2572 nota
1444 2534 1562 2584 (circa
1585 2547 1647 2571 an.

1508 2602 1647 2651 1472.)
