1752 2974
528 169 678 208 LVD.
739 166 1099 204 DISSENII.
1494 173 1526 204 v

81 282 396 325 servationibus
424 279 601 322 adiectis
631 277 761 320 amici
789 292 950 320 nomen
969 274 1233 318 subscribere
1251 272 1392 315 visum
1414 273 1526 324 effet,

82 361 193 403 nihil
223 361 431 403 adderem
461 359 578 414 quod
609 373 699 399 non
728 357 818 414 ipse
848 356 1112 414 probaturus
1141 351 1525 395 fuiffevideretur.

80 440 338 482 Lectionem
375 437 541 480 mutavi
581 445 727 486 caute,
773 450 855 477 nec
885 435 962 478 nisi
990 435 1038 476 iu
1067 433 1119 476 iis
1148 432 1280 482 locis,
1311 430 1389 472 ubi
1419 429 1526 485 quid

82 517 430 560 W‘underlichio
489 516 734 574 placuisset,
791 514 903 556 mihi
961 511 1193 555 constabat.
1277 508 1529 571 Acceperat

80 594 452 638 VVunderlichius
483 595 761 636 collationem
791 594 981 636 duorum
1013 592 1218 634 codicum
1237 589 1527 633 Zwieenfium

79 676 246 717 saeculo
277 675 448 716 decimo
480 675 631 729 quinto
662 673 924 731 scriptorum
954 687 980 713 a
1008 669 1297 713 celeberrimo
1319 668 1528 715 Goeren-

79 756 147 796 zio
177 754 364 810 benigne
395 754 608 804 oblatam,
639 760 681 793 et
708 752 903 794 eiusdem
929 750 1017 792 viri
1046 748 1328 792 collationem
1364 744 1527 794 codicis

80 833 276 876 Gothani
324 847 539 890 perquam
587 839 855 882 accuratam,
906 830 1058 886 pasfim
1109 828 1424 884 discrepantem
1474 822 1528 865 ab

81 928 154 962 ea,
207 927 290 969 qua
329 913 516 953 Ioannes
558 911 781 953 Hem-icus
819 896 994 952 Voffius
1041 909 1140 949 usus
1187 907 1259 948 est.
1345 903 1528 946 Miserat

79 992 210 1034 etiam
235 991 469 1040 Gurlittus,
497 989 569 1032 vir
591 989 852 1031 doctisfimus
873 994 915 1029 et
935 986 1267 1032 liberaliffimm,
1297 981 1527 1037 exemplar

79 1071 272 1120 Tibulli,
312 1070 359 1111 in
400 1083 487 1123 quo
525 1065 812 1122 manuscripti
840 1064 1181 1119 Hamburgenfis
1219 1061 1423 1103 lectiones
1457 1058 1529 1099 di-

77 1148 279 1205 ligentius
310 1154 539 1189 notaverat
571 1161 703 1202 quam
734 1144 837 1185 alias
868 1143 1047 1185 factum.
1113 1141 1294 1183 Horum
1324 1138 1529 1179 codicum

78 1226 283 1269 lectiones
321 1227 365 1268 in
406 1224 796 1268 observationibus
834 1221 1049 1272 iudicavi,
1092 1227 1140 1261 ut
1173 1218 1338 1261 fecerat
1365 1217 1438 1260 W
1443 1231 1528 1257 un-

80 1305 337 1356 derlichius,
369 1305 534 1347 adiecta
563 1304 717 1353 etiam,
744 1308 984 1360 praeeunte
1011 1296 1377 1348 Wunderlichio,
1406 1293 1531 1336 varia.

78 1385 266 1426 lectione
296 1393 571 1427 caeterorum
601 1381 827 1434 codicum,
857 1394 1050 1436 quorum
1081 1377 1333 1420 collationes
1364 1373 1529 1433 publici

80 1463 189 1506 iuris
228 1463 331 1505 fecit
370 1463 556 1504 Ioannes
594 1461 817 1504 Henricus
855 1458 1030 1500 Voffius
1069 1457 1117 1498 in
1156 1456 1271 1498 notis
1310 1454 1364 1497 ad
1407 1455 1529 1495 suam

80 1540 249 1584 Tibulli
280 1542 532 1583 editionem.
601 1539 807 1595 Denique
836 1536 1074 1579 dicendum
1102 1535 1160 1575 est
1189 1534 1245 1575 de
1272 1547 1345 1583 re,
1394 1544 1530 1588 quam

80 1627 225 1662 tacere
260 1620 448 1661 mallem.
510 1618 598 1661 Vir
636 1618 899 1659 doctisfimus
936 1613 1107 1657 Bardili
1142 1627 1226 1670 pro
1265 1610 1419 1667 insigni
1456 1611 1530 1650 sua.

81 1699 340 1741 liberalitate
383 1700 530 1755 sponte
576 1697 795 1739 obtulerat
842 1691 1196 1737 Wunderlichio
1245 1689 1530 1732 collationem

82 1792 106 1818 a
137 1780 177 1819 se
215 1777 385 1819 Parisiis
425 1775 612 1827 factam,
660 1783 701 1817 et
739 1775 786 1816 in
825 1772 982 1815 litteris
1033 1771 1088 1813 ad
1124 1767 1530 1813 Wunderlichium

83 1857 191 1898 datis
229 1856 445 1898 nonnulla
486 1855 540 1896 de
589 1853 851 1896 editionibus
890 1850 1063 1893 Tibulli
1108 1847 1381 1909 principibus
1429 1858 1530 1885 mo-

82 1942 239 1977 nuerat
269 1935 443 1991 egregie
476 1934 704 1992 disputata.
770 1929 1146 1974 Wunderlichius
1182 1931 1408 1983 acceperat
1444 1922 1530 1964 hoc

83 2014 275 2064 donum,
332 2029 471 2070 quum
512 2013 604 2055 iam
640 2011 812 2069 primae
859 2008 1046 2067 paginae
1087 2006 1259 2049 Tibulli
1301 2003 1530 2061 impressae

83 2095 235 2144 essent,
270 2094 416 2150 postea
445 2099 593 2133 tamen
626 2104 757 2146 quam
789 2087 985 2146 primum
1013 2085 1177 2144 potuit,
1228 2099 1281 2127 eo
1322 2083 1421 2124 usus
1459 2081 1531 2129 est,

83 2179 133 2213 ut
163 2179 283 2229 patet
322 2186 377 2212 ex
406 2169 797 2213 Observationibus
832 2167 885 2209 ad
916 2165 1081 2208 librum
1112 2165 1325 2222 primum.
1406 2160 1531 2202 Haec

84 2250 451 2308 praeplacuerunt
480 2249 722 2291 Huschkio.
781 2246 902 2301 Quid
930 2243 1068 2300 igitur
1095 2242 1201 2284 ille?
1241 2240 1401 2283 Scribit
1431 2238 1530 2280 ‘viro

83 2328 396 2380 honestisfimo‚
432 2335 482 2370 ut
508 2327 583 2369 fibi
613 2326 871 2368 concederet
909 2324 955 2365 in
984 2324 1110 2363 suum
1141 2321 1287 2374 usum,
1331 2333 1442 2375 quae
1470 2316 1533 2358 ita

84 2424 110 2449 a
139 2407 264 2449 nobis
294 2413 543 2463 acceperat,
583 2413 632 2447 ut
661 2404 766 2446 huic
796 2401 978 2445 editioni
1017 2400 1239 2443 insereret.
1315 2397 1403 2440 Vir
1442 2395 1533 2437 cla-

85 2486 271 2527 riffimus
301 2485 470 2526 Bardili
500 2484 708 2536 conoesffl,
737 2483 920 2524 credens
940 2479 1156 2523 Huschkii
1185 2477 1344 2528 verbis,
1375 2490 1532 2517 eorum

85 2565 135 2606 iu
162 2563 243 2605 hac
273 2564 464 2606 editione
493 2564 619 2604 usum
657 2562 830 2604 nullum
861 2562 941 2603 effe
978 2560 1110 2616 poffe.
1191 2555 1390 2600 Mirabar
1417 2556 1531 2606 sane,

88 2643 194 2697 quid
245 2642 328 2684 hoc
387 2642 453 2685 rei
511 2643 640 2695 esset,
697 2640 845 2684 dicens
905 2635 1300 2691 Wunderlichium
1345 2635 1398 2679 iis
1442 2633 1533 2675 iam

1394 2713 1534 2764 usum,
