1752 2974
488 135 621 177 LIB.
653 133 688 174 I.
746 132 954 173 ELEG.
988 132 1104 174 VII.

144 258 359 305 Pectora
385 253 621 303 tristitiae
653 249 991 300 dissoluenda
1023 248 1170 297 dedit
1180 267 1195 307 ;

1473 145 1526 189 91.

1451 255 1526 314 4ο

66 344 300 392 Bacchus
338 352 390 390 et
417 341 617 391 afflictis
644 339 887 404 requiem
912 337 1224 388 mortalibus
1248 333 1413 396 affert,

144 432 313 480 Crura
350 430 472 478 licet
506 428 638 476 dura
672 425 928 491 compede
959 423 1111 493 pulsa
1135 423 1336 474 sonent.

68 519 203 568 Non
234 519 334 565 tibi
372 515 495 565 sunt
524 514 692 564 tristes
718 531 899 571 curae,
939 531 1036 562 nec
1062 514 1262 571 luctus,
1303 511 1456 572 Ofiri,

145 605 249 656 Sed
275 604 469 655 chorus
486 642 500 664 ‚
539 613 592 652 et
615 613 822 661 cantus,
863 611 914 650 et
939 602 1074 651 levis
1101 611 1254 668 aptus
1278 618 1454 661 amor3

128 857 196 897 59.
226 861 362 896 magno
401 845 570 895 confecta
609 846 766 890 labore)

71 918 188 957 opere
206 905 349 940 rustico
369 905 486 940 fracta
509 915 545 939 et
557 904 769 940 debilitata.

130 968 197 1008 4ο.
241 958 410 1008 tristitiae
440 961 674 1008 dissoluenda
708 959 770 993 tle·

73 1018 159 1064 dit)
203 1017 243 1053 h.
285 1031 305 1051 a
346 1017 519 1052 tristitia:
574 1016 770 1064 genitivus

73 1074 140 1110 hic
180 1086 313 1123 graece
358 1073 536 1120 ponitur.
607 1072 670 1105 Sic
711 1084 770 1119 ap.

74 1131 157 1166 Cic.
196 1130 318 1177 legum
341 1128 498 1177 solutus.
530 1142 570 1163 v.
593 1126 772 1162 Broukh.

72 1185 284 1221 Eiusmodi
322 1186 408 1220 sunt
445 1195 481 1219 et
521 1184 616 1224 alia,
657 1197 697 1219 v.
740 1196 773 1220 e.

74 1242 178 1292 apud
203 1245 379 1289 Propert.
410 1242 495 1281 ΙΙΙ,
521 1252 544 1288 9
566 1241 652 1285 (7),
678 1245 742 1285 54.

191 1298 414 1334 Parthorum
443 1294 585 1345 astutae
615 1297 691 1331 tela
717 1310 774 1331 re-

358 1352 464 1403 mtſj'a
485 1353 618 1401 fugae,

74 1412 115 1449 h.
146 1426 167 1447 a
200 1411 303 1460 fuga.
334 1423 373 1445 v.
407 1411 584 1445 Gronov.
612 1409 718 1445 Obff.
741 1410 773 1449 Ι,

82 1483 148 1504 11.
190 1466 427 1515 dissoluenda
457 1466 561 1500 dedic
591 1479 663 1513 pro
699 1465 775 1500 dis-

77 1524 206 1563 solvit,
230 1534 274 1558 ut
296 1524 378 1563 111,
405 1522 443 1562 6,
468 1528 532 1565 28.
564 1520 776 1569 diripienda

71 1580 205 1629 ferant
234 1592 307 1627 pro
341 1578 540 1625 diripiant.
581 1577 701 1612 Ovid.
725 1578 776 1610 ΙΙ.

76 1635 170 1673 Fast.
203 1643 298 1678 521.
320 1634 490 1680 flammis
521 1634 694 1668 torrenda
717 1633 779 1666 de-

76 1693 174 1728 dere.
234 1689 502 1737 Λυσιμὲριμνος
529 1699 655 1724 autem
682 1691 776 1724 Bae-

79 1749 189 1786 chus,
219 1757 315 1782 noto
337 1747 524 1793 epitheto.
546 1747 596 1780 H.
643 1744 776 1793 dissol.

80 1805 195 1840 dedit.
229 1802 268 1838 h.
300 1816 331 1837 e.
364 1802 478 1842 fecit,
518 1812 562 1836 ut
594 1801 778 1837 dissolve-

80 1870 241 1899 rentur;
297 1859 344 1893 de
375 1871 449 1906 qua
480 1871 584 1893 nova
622 1856 779 1892 dicendi

80 1917 232 1952 :ratione
253 1915 309 1961 cf.
334 1914 441 1950 Obff.
499 1916 681 1949 Ceterum
699 1913 780 1962 sol-

81 1987 166 2010 vere
201 1982 238 2007 et
269 1969 468 2019 dissolvere
503 1969 674 2006 absolute
707 1982 779 2018 po-

82 2032 160 2069 fita,
192 2038 306 2075 atque
331 2027 379 2061 ad
402 2026 576 2061 animum
601 2025 781 2061 translata

83 2083 318 2133 fignificant:
353 2083 456 2118 curis
488 2093 526 2118 et
554 2093 662 2117 metu
683 2081 781 2118 libe-

84 2155 183 2179 rare.
251 2139 373 2176 Plaut.
407 2140 528 2174 Merc-
561 2141 600 2178 I,
635 2148 681 2179 2,
716 2143 792 2186 54⁰,

86 2196 246 2247 dissolve
277 2209 346 2230 me.
377 2197 507 2230 Senec.
531 2195 666 2243 Agam.
691 2203 756 2237 74.
784 2188 787 2193 ’

460 2263 539 2286 non
564 2265 728 2286 curarum

142 2309 299 2343 Somnus
311 2307 472 2342 domitor
487 2318 643 2356 pectora
656 2306 784 2343 [olvit.

87 2367 168 2405 Ita,
198 2377 246 2398 ne
278 2364 368 2411 quis
402 2365 448 2398 ad
475 2377 584 2398 curas
608 2374 645 2398 et
670 2363 786 2397 timo-

91 2434 176 2457 rem
197 2420 366 2455 verbum
392 2418 786 2468 dissolvere'referret,

42 2490 47 2495 ·
90 2477 237 2512 adiecta
270 2475 320 2510 cst
348 2488 430 2511 vox
459 2473 652 2522 tristitiae,
692 2488 789 2522 quae

90 2534 134 2568 in
153 2533 296 2568 bonam
320 2542 470 2580 accepta
496 2542 644 2579 partem
668 2531 790 2566 animi

91 2589 248 2627 statum,
279 2601 298 2622 a
327 2588 404 2623 risu
435 2599 471 2622 et
502 2587 699 2623 hilaritate
729 2600 789 2623 re-

91 2655 267 2685 motum,
313 2644 383 2692 qui
411 2642 528 2679 vultu
556 2643 622 2679 vel
659 2644 790 2679 verbis

94 2699 349 2750 fignificatur‚
381 2710 647 2751 notam-quae
677 2700 791 2750 figni-

1432 688 1536 739 Sed

839 843 967 881 ficatio
1007 844 1193 880 adiectivi
1232 842 1342 892 trzfiis
1370 845 1422 880 ita
1455 859 1539 882 non

838 914 925 937 raro
952 901 1124 950 usurpati
1145 903 1214 936 usu
1236 900 1422 937 firmatur.
1454 904 1536 938 Cic-

842 959 887 993 ‹le
918 957 1025 993 Orat.
1049 959 1100 997 ΙΙ,
1125 968 1192 1001 71.
1225 958 1249 992 f.
1270 955 1381 1004 trzstis
1401 960 1539 994 vulsus.

841 1016 997 1049 Terent.
1027 1014 1147 1050 Andr.
1172 1016 1229 1055 V,
1257 1023 1277 1047 2
1297 1040 1306 1054 ‚
1336 1014 1397 1048 16.
1427 1012 1540 1062 tristis

833 1068 1024 1118 severitas.
1095 1070 1196 1106 Noli
1228 1071 1274 1104 de
1306 1067 1477 1117 tristicia,
1519 1084 1541 1106 e

841 1124 954 1160 malis
974 1127 1140 1174 acceptis
1159 1126 1224 1161 vel
1237 1127 1542 1162 imminentibus

845 1191 938 1218 orta,
971 1194 1060 1215 cum
1083 1181 1170 1216 aliis
1193 1182 1378 1228 cogitare,
1409 1194 1452 1217 ut
1475 1181 1543 1218 vel

841 1238 1015 1273 vei-fibris
1047 1238 1297 1285 [equentibus
1319 1239 1483 1273 Bacchus
1507 1247 1544 1274 εδ

841 1293 1048 1342 ——sonent
1077 1305 1274 1328 monetur.
1305 1295 1370 1329 W.

900 1357 967 1396 42.
1025 1353 1140 1386 Crura
1197 1350 1282 1384 licet
1340 1350 1409 1395 cl.)
1479 1353 1545 1387 De

843 1407 989 1442 vinctis
1021 1407 1063 1442 in
1094 1405 1284 1453 ergastulo
1315 1405 1429 1455 loqui
1451 1415 1550 1456 poc'-

844 1474 947 1502 tam,
979 1473 1084 1510 puta.
1117 1462 1164 1496 cf.
1201 1462 1270 1497 inf.
1304 1465 1363 1504 ΙΙ,
1398 1463 1444 1505 6,
1479 1471 1545 1507 25.

843 1518 1062 1567 (Inprimis
1102 1530 1303 1566 compares
1349 1520 1546 1556 luvenalis

845 1575 979 1610 locum
1010 1575 1055 1609 de
1082 1585 1190 1622 patre
1223 1576 1333 1610 saevo
1354 1576 1396 1610 in
1418 1576 1548 1611 servos

845 1632 962 1671 XIV,
1003 1640 1067 1673 23.
1124 1631 1214 1678 quid
1246 1629 1383 1679 suadet
1425 1631 1549 1667 iuveni

847 1684 1131 1735 laetu5fi1·id0re
1142 1690 1313 1721 catenae?
1331 1688 1410 1722 dur.
1428 1702 1548 1736 comp.

849 1743 970 1779 Ovid.
997 1745 1129 1778 Amor.
1162 1745 1203 1783 Ι,
1231 1742 1278 1783 6,
1308 1758 1342 1778 1.
1375 1744 1466 1779 dura
1491 1759 1550 1779 ca·

849 1809 947 1835 tenu.
987 1799 1085 1844 W.)
1147 1798 1283 1834 Simile
1314 1810 1441 1835 autem
1472 1801 1551 1836 hoc

841 1855 935 1891 'aliis
959 1856 1047 1892 vini
1069 1855 1252 1890 laudibus
1280 1856 1380 1904 apud
1401 1866 1550 1905 poetas,

848 1925 888 1947 v.
931 1926 962 1948 c.
1014 1914 1151 1947 Horat.
1193 1913 1260 1948 III.
1309 1914 1436 1948 Carm.
1483 1923 1550 1954 21,

854 1979 916 2013 17.
954 1969 1032 2016 sqq.
1065 1979 1102 2003 et
1133 1967 1253 2003 ovid.
1285 1971 1312 2004 1.
1343 1970 1427 2004 Art.
1457 1979 1551 2013 237.

906 2031 972 2071 43.
1003 2025 1091 2059 Non
1116 2020 1353 2076 tilzisssed)
1386 2025 1550 2061 Tibullo

848 2081 1065 2131 Aegyptios
1088 2081 1142 2116 ita
1163 2081 1399 2128 reprehendi
1424 2082 1554 2116 statuit:

848 2139 898 2172 H.
929 2137 1099 2174 Voffius:
1143 2136 1335 2175 Ofiridem
1368 2137 1432 2174 vel
1462 2140 1554 2172 Bac-

852 2193 970 2229 chum
998 2206 1077 2228 non
1098 2192 1226 2229 cultus
1250 2195 1553 2243 Aegyptiorum,

852 2250 899 2285 cf.
933 2256 1021 2294 28„
1075 2249 1137 2284 sed
1176 2249 1314 2286 hilaris
1353 2250 1552 2286 veneratio

855 2306 978 2342 decet.
1002 2304 1072 2354 sed
1103 2317 1161 2341 ter
1191 2319 1280 2342 curn
1310 2308 1352 2343 vi
1374 2308 1554 2356 politum,

856 2374 901 2398 Ut
932 2365 971 2402 Ῑ,
1006 2369 1053 2407 8,
1089 2369 1152 2405 25.
1180 2362 1244 2398 26.
1280 2364 1324 2398 de
1350 2377 1423 2410 qua
1444 2375 1554 2409 repe-

857 2419 998 2454 titione
1038 2419 1119 2454 vid.
1157 2419 1349 2454 VVolfium
1385 2419 1430 2452 ad
1464 2419 1555 2453 Tac.

858 2477 959 2511 Ann.
986 2477 1026 2516 1,
1062 2487 1122 2509 10.
1154 2488 1193 2523 p.
1219 2485 1282 2519 53.
1318 2477 1381 2510 W.

917 2537 981 2578 44.
1011 2532 1101 2566 levis
1131 2550 1185 2558 -
1217 2533 1354 2579 amor)
1383 2544 1422 2566 v,
1455 2530 1499 2565 ad
1526 2532 1555 2571 l',

859 2597 924 2632 75.
965 2585 1014 2635 est
1049 2596 1179 2634 aquus,
1221 2587 1327 2635 quod
1363 2586 1477 2627 alins,
1519 2598 1557 2622 te

858 2645 986 2684 decet,
1020 2642 1092 2679 tibi
1115 2643 1310 2678 convenit.
1344 2642 1463 2679 Ovid.
1487 2645 1559 2683 ΙΙΙ,

858 2702 956 2737 Met.
974 2705 1066 2747 554.
1089 2698 1134 2735 de
1157 2699 1334 2737 Baccho:

1007 2776 1011 2781 ·
1440 2757 1558 2807 Quem
