1752 2974
476 124 587 160 LIB.
628 122 717 160 111.
786 120 971 157 ELEG.
1001 121 1079 158 IV.

1418 134 1499 163 201

62 241 169 288 Aut
187 235 356 287 fiFata
378 245 569 302 negant
590 232 839 290 reditum,
870 232 1144 295 tristesque
1160 235 1394 291 Sorores,
1431 251 1459 293 5
1471 249 1498 294 5

138 327 366 374 Stamina
391 341 520 388 quae
545 323 778 377 ducunt,
825 331 1064 385 quaeque
1090 318 1268 368 futura
1296 331 1504 380 canunt,

60 415 154 463 Me
174 423 328 462 vocet
346 414 403 460 in
423 409 592 458 vastos
623 425 798 456 amnes
833 408 1146 473 nigramque
1175 407 1429 472 paludem

135 501 302 551 Dives
334 500 392 547 in
433 498 624 563 ignava
667 495 878 545 luridus
914 499 1083 544 Orcus
1123 510 1272 559 aqua.

472 638 904 684 ELEGIA
971 638 1086 682 IV.

54 718 159 790 Di
196 735 417 785 meliora
446 734 645 793 ferant,
697 751 794 783 nec
824 732 926 781 [int
957 730 1219 781 insomnia
1253 750 1393 791 vera,

131 827 279 894 Quae
312 823 435 872 tulit
480 833 709 871 extrema
749 820 954 888 peffiina
994 829 1149 869 nocte
1185 821 1350 884 quies.

116 1048 181 1086 55.
213 1039 397 1091 tr1‘scesque
415 1043 587 1087 Sorores)
612 1046 745 1078 Parcas

59 1099 176 1138 dicit,
208 1096 321 1146 tristes
348 1098 387 1134 h.
409 1100 576 1138 severas,
607 1100 747 1134 inexo-

57 1153 221 1196 rabiles,
270 1165 314 1190 ut
356 1152 466 1201 cristis
507 1155 638 1193 iudex,·
699 1154 747 1189 cf·

55 1211 233 1245 Broukh.
264 1221 300 1246 et
332 1210 493 1246 omnino
516 1223 575 1245 res
600 1210 747 1246 infero·

57 1279 142 1301 rum
165 1280 210 1302 eo
239 1266 411 1314 epitheto
441 1266 716 1313 insigniuntur.

113 1322 179 1364 56.
206 1321 386 1370 quaeque)
419 1323 613 1369 Repetitio
650 1322 746 1358 rela-

56 1378 133 1413 tivi
178 1379 367 1413 maiorem
420 1379 502 1412 vim
549 1378 614 1413 hic
668 1391 748 1412 non

56 1434 185 1469 habet.
245 1435 449 1470 Caeterum
482 1433 562 1468 vid.
602 1433 646 1468 ad
681 1435 747 1474 ΙΙΙ,

59 1499 96 1530 2,
121 1499 158 1533 5.
187 1491 282 1525 Not.
322 1491 388 1526 W.

118 1556 182 1588 37.
219 1544 342 1593 vastos
385 1547 538 1593 amnes)
578 1546 749 1594 Stygios.

59 1602 246 1639 Albinov.
268 1603 317 1642 II,
348 1602 383 1637 6.
420 1604 511 1636 rutis

172 1660 208 1694 Ιι·
248 1659 346 1693 redit
382 1660 419 1692 in
459 1655 582 1706 vastos
604 1657 751 1707 semper

347 1711 475 1760 onusta
505 1715 616 1749 lacus.

58 1772 144 1807 Nec
176 1770 222 1805 ad
250 1769 342 1806 latas
375 1771 500 1818 ripas,
531 1785 669 1806 verum
705 1771 752 1806 ad

59 1827 239 1862 locorum
258 1827 475 1861 inferorum
495 1827 682 1862 vastitiem
705 1827 753 1862 est

58 1883 316 1920 referendum.

117 1945 183 1983 38.
220 1940 334 1974 Dives
367 1940 404 1973 ἰη
443 1941 580 1987 ignava
612 1939 752 1975 luridus

61 1996 178 2032 Orcus
197 1995 312 2044 aqua)
342 1996 456 2032 Orcus
484 1996 533 2030 est
545 1997 617 2032 Dis
630 1998 752 2038 Pater,

59 2051 195 2091 Pluto,
246 2063 291 2087 ut
339 2053 497 2088 Servius
544 2052 657 2088 docet
706 2053 754 2087 ad

59 2109 154 2143 Aen.
177 2108 247 2148 VI,
277 2117 369 2151 273.
416 2108 497 2146 Cic.
534 2109 580 2143 de
611 2109 663 2145 N.
699 2110 752 2144 D.

60 2165 129 2203 ΙΙΙ,
157 2172 218 2206 17.
249 2163 281 2198 is
305 2164 451 2199 dicitur
480 2164 580 2200 dives
612 2164 652 2199 h.
683 2177 755 2212 po-

62 2230 168 2259 tens,
217 2220 307 2267 quia
343 2231 420 2256 tam
450 2219 523 2255 lata
564 2231 600 2255 et
631 2220 756 2269 ampla

62 2287 182 2323 regna
230 2286 334 2314 tenet
382 2277 424 2311 in
468 2276 567 2312 locis
605 2277 756 2317 inferis,

65 2344 162 2380 quae
192 2344 261 2380 per
298 2334 472 2380 ignavam
503 2347 662 2382 aquam,
714 2343 758 2368 ut

65 2388 181 2422 toties
230 2401 299 2435 per
346 2401 475 2423 amnes
517 2403 558 2424 ac
600 2388 758 2427 fluvios,

66 2444 281 2489 Cocytum,
329 2445 506 2492 Stygem,

66 2510 164 2539 tem,
205 2500 462 2546 designantur,

67 2556 117 2589 est
169 2554 312 2591 fluvius

559 2445 758 2481 Acheron-

521 2502 626 2548 Ergo
661 2515 760 2549 aqua

375 2570 421 2591 ex
472 2558 592 2591 modo
644 2557 759 2592 dictis

68 2614 228 2657 ignava,
261 2612 352 2659 qnia
376 2613 546 2660 stagnans
571 2623 636 2649 aut
659 2623 760 2647 certe

60 2666 255 2732 ‘l‘anguide
275 2667 418 2706 labens.
452 2669 601 2710 luridus,
622 2679 667 2706 ut
682 2668 762 2718 pal-

1431 911 1507 958 Ite

813 1042 940 1082 lidus,
972 1041 1174 1091 epitheton
1204 1054 1335 1077 rerum
1367 1041 1507 1076 infera-

813 1112 914 1133 rum.

1012 1175 1193 1224 Elegia
1233 1177 1306 1212 iv.

871 1254 1007 1302 Elegia
1038 1254 1132 1289 haec
1164 1254 1357 1289 somnium
1391 1263 1509 1301 expo-

815 1312 875 1346 nit
931 1311 1014 1346 satis
1063 1311 1221 1351 diserte,
1282 1323 1350 1358 per
1402 1308 1511 1356 quod.

815 1366 959 1414 Apollo
983 1368 1019 1401 ei
1038 1377 1264 1414 apparuerat
1296 1378 1332 1401 et
1366 1367 1411 1401 de
1433 1366 1511 1400 Ne·

817 1436 924 1457 aerae
956 1423 1210 1458 inconstantia
1249 1423 1411 1469 dataque
1445 1420 1513 1455 alii

817 1479 907 1514 viro
940 1478 1017 1512 fide
1052 1489 1277 1513 monuerat:
1312 1477 1514 1512 detestatur

817 1542 933 1582 poeta
966 1536 1092 1569 visum
1124 1546 1162 1568 et
1190 1534 1355 1569 meliora
1383 1546 1513 1581 preca·

819 1602 893 1626 tur.
927 1604 964 1624 V.
1001 1591 1104 1626 Obss'.

880 1671 913 1691 1.
945 1659 994 1692 Di
1017 1658 1171 1692 meliora
1184 1655 1333 1704 ferant)
1366 1656 1515 1692 abomi-

817 1714 944 1749 nantis
987 1725 1023 1748 et
1055 1727 1074 1747 a
1104 1714 1137 1747 [e
1169 1713 1408 1760 deprecantis
1445 1712 1513 1746 ali-

820 1771 916 1818 quid
937 1769 1118 1806 formula.
1153 1782 1191 1805 v.
1215 1770 1324 1817 Virg.
1353 1769 1420 1804 Ge.
1444 1770 1514 1810 ΙΙΙ,

822 1834 916 1871 515.

888 1884 939 1919 Di
960 1881 1115 1918 meliora
1131 1880 1264 1929 ferant:
1287 1895 1514 1930 erroremque

1099 1934 1259 1985 hostibus
1290 1939 1421 1973 illum!

821 1997 868 2032 cs.
893 1986 983 2031 Sta-t.
1017 2005 1054 2030 et
1073 1993 1193 2042 Vulp.
1220 1992 1383 2041 εὐφήμει.
1437 1997 1518 2029 Iam

819 2052 1013 2088 Pacuvius
1060 2050 1162 2099 apud
1200 2053 1415 2087 Varronem
1469 2052 1515 2085 de

820 2111 899 2144 LL.
919 2109 982 2145 VI.
1003 2123 1041 2157 p.
1066 2114 1130 2151 8¹·
1159 2107 1328 2142 dixerat:
1362 2109 1412 2142 Di
1441 2120 1519 2146 mo-

822 2166 942 2200 uerint:
981 2165 1135 2199 meliora
1171 2172 1282 2212 atque
1312 2165 1516 2198 amentiam

822 2219 1116 2269 averruncaffint.
1149 2221 1237 2263 (De
1261 2219 1431 2255 fotmula
1454 2219 1520 2253 Dii

825 2278 954 2312 melius
985 2277 1067 2312 vid.
1093 2278 1229 2312 Seneca
1247 2276 1364 2324 Epist.
1390 2281 1455 2323 98.
1479 2288 1517 2323 p.

824 2334 913 2369 init.
946 2331 1037 2381 W.)
1099 2332 1162 2366 De
1192 2333 1303 2367 veris.
1339 2341 1375 2376 5.
1399 2337 1437 2377 4.
1471 2327 1519 2365 cic

826 2390 969 2437 quibus
998 2388 1123 2428 nihil,
1145 2389 1270 2436 “quod
1301 2389 1431 2423 sanum
1461 2385 1518 2427 sit,

827 2445 917 2481 elici
936 2445 1060 2494 possit‚
1085 2458 1122 2480 v.
1143 2444 1245 2481 Obss'.
1270 2446 1409 2480 Forma
1436 2455 1519 2477 ora-

826 2502 946 2537 tionis
978 2504 1032 2537 Ice
1059 2501 1190 2549 procul
1220 2501 1321 2536 redit
1355 2499 1425 2535 inf.
1457 2496 1519 2533 El.

829 2557 866 2598 6,
890 2568 928 2600 7.
959 2569 995 2593 ct
1016 2557 1084 2593 lib.
1104 2560 1132 2596 Ι,
1162 2569 1195 2597 ι,
1212 2557 1275 2598 76.
1301 2557 1350 2591 Η.
1384 2553 1523 2590 Mendi

827 2622 938 2649 notas
1001 2614 1042 2649 in
1099 2612 1274 2662 margine
1333 2610 1522 2664 appellnt

829 2668 968 2708 delevi.
1010 2671 1076 2708 W.
