1752 2974
502 100 505 103 ¹
563 100 1017 151 PRAEFATIO(
1435 105 1512 138 vn

89 227 213 282 1472.
243 226 486 284 impressae.
554 221 626 263 Est
655 218 761 260 haec
791 214 860 264 ea}
910 219 1021 270 quae
1057 208 1297 251 secundum
1329 215 1514 265 occupat

85 318 232 359 locum
282 317 328 358 in
378 315 526 356 nostra
572 310 815 351 editionum
859 303 1114 362 principum
1163 298 1513 341 enumeratione.

84 406 378 465 Appellamus
427 415 522 444 eam
564 414 664 440 cum
702 395 930 440 Huschkio
979 390 1220 435 editionem
1261 387 1514 447 principem

86 497 308 539 minorem
348 508 449 535 ann.
495 489 616 545 1472.
688 487 858 529 Collata
894 484 978 525 fuit
1007 481 1178 524 Parifiis
1215 495 1317 522 cum
1344 478 1515 522 Aldina

86 602 190 628 ann.
225 585 350 628 1502.
424 582 520 624 Nos
550 588 698 622 tamen
728 577 988 619 exhibemus
1025 573 1139 616 hanc
1175 586 1349 627 quoque
1379 568 1517 610 colla-

43 659 45 662 Υ
86 677 251 720 tionem
291 681 472 731 quartae
502 669 673 727 Heynii
703 666 887 710 editioni
919 662 1313 713 accommodatam.
1378 659 1517 700 Liber

85 774 265 824 quartus
287 740 469 807 mancus
493 763 550 804 est
571 760 738 815 aliquot
758 756 891 806 locis,
923 755 1025 811 quia
1056 753 1273 795 nonnulla
1293 751 1341 793 in
1364 763 1519 791 exem·-

86 857 201 914 plari
232 852 452 897 Parifienfi
485 853 660 903 desunt,
699 849 753 891 de
784 863 867 904 qua
899 863 947 888 re
975 844 1093 887 infra
1123 843 1358 885 monitum.
1405 838 1519 880 Cae-

87 954 236 988 terum
273 960 362 986 non
395 943 546 985 habuit
578 941 692 982 hanc
724 939 1004 980 collationem
1029 934 1091 978 V.
1121 934 1163 977 d.
1193 929 1387 980 Bardili,
1437 941 1520 969 nec

89 1034 467 1078 VVunderlichius
503 1048 552 1074 ea
590 1033 688 1073 usus
721 1031 800 1080 est,
854 1028 924 1070 sed
965 1025 1125 1068 obtulit
1157 1022 1285 1066 nobis
1325 1035 1424 1063 eam
1464 1031 1520 1060 ex

91 1127 174 1167 suis
211 1126 365 1183 opibus
394 1125 512 1165 idem
546 1123 621 1163 ille
650 1123 719 1162 vir
750 1117 1064 1160 celeberrimus
1088 1112 1363 1161 Huschkius‚
1397 1109 1521 1152 cuius

91 1215 210 1257 aliud
236 1216 402 1256 donum
426 1214 555 1268 supra
578 1216 892 1251 memoratum.
953 1205 1165 1248 Graviter
1187 1202 1382 1243 accusavi
1405 1200 1523 1241 huno

91 1305 241 1347 virum
282 1305 330 1346 in
363 1300 640 1361 praefatione
678 1298 791 1342 tomi
831 1296 991 1355 primi,
1040 1295 1110 1336 sed
1151 1294 1297 1352 postea
1332 1289 1525 1333 meliora

92 1395 272 1437 edoctus
302 1406 505 1435 errorem
531 1403 681 1433 meum
713 1389 903 1443 ingenue
933 1385 1144 1427 confessus
1171 1386 1265 1425 sum
1295 1384 1342 1424 in
1371 1379 1526 1438 Ephe..

93 1484 338 1526 met-idibus
376 1481 600 1524 litterariis
639 1477 897 1520 Halenfibus
935 1491 1036 1517 ann.
1079 1474 1200 1517 1818.
1275 1473 1410 1514 Nunc
1449 1485 1525 1511 re·-

92 1583 198 1631 peto
224 1573 310 1615 hoc
336 1580 522 1630 propter
546 1577 742 1618 exteros,
772 1569 817 1609 in
847 1580 1038 1623 quorum
1069 1579 1225 1605 manus
1251 1563 1360 1605 haec
1389 1552 1524 1603 editio

94 1665 293 1716 venerit,
330 1679 387 1705 ne
419 1677 517 1704 mea
551 1661 678 1717 culpa
712 1658 826 1700 fama
854 1657 942 1699 viri
971 1655 1252 1697 honestiffimi
1282 1652 1527 1695 imminua-

95 1763 193 1805 tur,
223 1755 345 1796 cuius
375 1752 563 1794 eximiae
590 1748 842 1792 liberalitati
871 1755 960 1789 tam
983 1747 1123 1788 multa
1147 1745 1276 1786 debet
1298 1743 1370 1785 hic
1397 1741 1527 1784 libel-

96 1846 178 1888 lus.
207 1868 263 1877 -
319 1843 523 1899 Denique
546 1840 847 1898 exscripsimus
871 1837 1081 1880 lectiones
1115 1835 1321 1879 editionis
1346 1840 1527 1890 quartae

95 1934 334 1994 principis,
372 1941 479 1989 quot
507 1933 712 1989 leguntur
743 1930 787 1971 in
809 1929 1011 1972 Morellii
1038 1928 1154 1970 libro
1182 1925 1301 1970 infra
1320 1924 1527 1974 indicato,

101 2040 260 2081 easque
290 2023 374 2065 suis
406 2024 512 2066 locis
545 2021 826 2065 inseruimus.

214 2115 361 2157 Restat
382 2114 468 2156 iam
482 2145 492 2165 ,
522 2122 572 2155 ut
600 2112 751 2172 paucis
775 2111 1043 2169 explicetur,
1074 2123 1207 2165 quam
1227 2107 1372 2164 legem
1391 2106 1438 2148 in
1460 2105 1527 2147 his

103 2204 310 2248 omnibus
338 2204 597 2247 lectionibus
636 2201 928 2245 describendis
962 2200 1131 2256 sequuti
1161 2201 1302 2243 fimus.
1373 2197 1528 2252 Quum

103 2291 222 2352 apud
244 2295 477 2351 Heynium
500 2296 625 2352 saepe
654 2293 773 2335 aliud
803 2292 989 2335 verbum
1023 2292 1194 2348 legatur
1224 2291 1272 2332 in
1298 2288 1529 2347 principiis

105 2385 482 2437 observationum,
514 2398 646 2440 quam
667 2383 783 2440 quod
813 2398 932 2425 nunc
960 2383 1147 2425 habetur
1177 2381 1227 2423 in
1259 2387 1403 2430 lemn,
1434 2393 1530 2429 nos,

105 2491 162 2518 ne
195 2490 281 2533 qua
310 2475 521 2525 dubitatio
553 2476 792 2527 exsisteret,
822 2474 985 2530 ubique
1011 2473 1159 2531 primo
1183 2473 1280 2514 loce
1304 2470 1529 2529 posuimus

105 2564 151 2607 id
176 2566 379 2618 verbum,
408 2581 434 2609 a
455 2581 539 2623 quo
559 2566 768 2608 lectiones
787 2564 1004 2608 indicatae
1025 2563 1293 2621 discrepant.
1338 2560 1528 2605 Deinde,

1478 2665 1535 2694 11&
