1752 2974
539 137 651 175 LIB.
691 137 753 173 ΙΙ.
813 132 990 170 ELEG.
1030 133 1065 171 Ι.
1449 133 1523 186 157

157 254 364 302 Primus
386 252 654 316 inexperta
687 247 840 296 duxit
868 246 932 295 ab
950 255 1070 295 >arte
1102 244 1305 297 choros.

83 341 222 389 Huic
249 341 416 398 datus,
454 355 482 386 a
507 339 667 402 pleno
696 334 1038 383 memorabile
1064 350 1263 384 munus
1296 337 1448 394 ovili,

158 428 323 476 ³*Dux
342 426 544 491 pecoris
566 424 769 471 hircus:
812 420 1029 470 duxerat
1054 420 1235 475 hircus
1257 439 1401 472 oves.
1417 424 1448 454 ³*

81 516 228 563 Rure
253 530 387 579 puer
407 528 574 560 verno
596 511 832 575 primum
858 509 923 557 de
946 507 1087 558 flore
1121 525 1371 559 coronam

157 602 313 657 Fecit,
353 609 404 647 et
436 599 666 662 antiquis
703 594 957 661 imposuit
986 595 1227 646 Laribus.

1454 603 1526 651 60

78 691 229 738 Rure
256 688 437 744 etiam,
476 685 670 735 teneris
703 700 881 732 curam
913 683 1209 732 exhibitura
1238 685 1450 750 puellis,

153 775 324 824 Molle
355 775 489 840 gerit
522 783 668 837 tergo
692 770 869 820 lucida
898 770 1074 819 vellus
1101 772 1246 829 ovis;

77 864 215 912 Hinc
237 872 288 910 et
317 860 581 910 femineus
602 859 752 910 labor
777 857 875 917 est;
911 857 1038 906 hinc
1066 874 1226 924 pensa
1251 860 1523 927 colusque,

73 1127 164 1164 pere
208 1113 380 1163 populo,
424 1122 469 1147 ut
501 1110 626 1146 adhuc
660 1111 764 1146 inter

72 1170 250 1206 barbaras
280 1170 478 1205 Americae
508 1177 662 1215 gentes,
699 1179 762 1200 ru-

73 1226 168 1262 beus
191 1226 299 1262 color
319 1238 390 1274 pro
405 1224 522 1259 unico
546 1222 766 1261 ornamenti

75 1296 212 1330 genere
260 1280 426 1330 parabili
473 1289 572 1320 erat3
630 1280 762 1326 itaque

74 1339 208 1373 mansit
233 1340 346 1374 etiam
360 1350 427 1386 per
451 1337 591 1371 seriora
614 1345 763 1382 ternpo-

73 1408 113 1429 ra
134 1395 175 1429 in
193 1395 383 1442 religiosis
402 1393 531 1432 rebus,
562 1392 604 1427 in
624 1391 765 1438 quibus

71 1461 183 1487 vetus
204 1464 288 1486 mos
310 1448 555 1498 pertinacius,
589 1459 701 1494 quam
722 1446 765 1481 in

75 1507 159 1541 aliis
186 1508 374 1544 servatur,
418 1515 459 1539 ut
495 1515 531 1538 et
555 1504 586 1537 se
610 1514 646 1538 et
667 1515 763 1537 vero

76 1563 188 1597 etiam
220 1563 310 1597 deos
339 1561 465 1596 minio
489 1560 693 1607 pingerent
722 1560 765 1593 in

73 1619 251 1653 festorum
274 1618 423 1652 dierum
444 1615 692 1650 sollemnibus.
714 1616 764 1648 H.

73 1670 420 1718 Αὖτοσχεδιάσματα
454 1672 518 1705 ista
557 1670 764 1705 hominum

73 1728 289 1775 agrestium,
323 1728 424 1763 unde
445 1727 636 1774 originem
657 1739 765 1774 repe-

76 1795 162 1818 tunt
190 1784 281 1819 artis
313 1784 478 1818 scenicae
511 1782 692 1819 Tibullus
730 1792 766 1817 et

73 1840 269 1880 Horatius,
291 1839 416 1888 qualia
440 1839 595 1879 fuerint,
618 1838 765 1885 optime

75 1895 263 1943 explicuit
313 1897 475 1942 Boeccig.
518 1895 763 1940 Archaeolog.
819 1928 821 1930 .

75 1953 208 1988 Pictur.
235 1966 273 2000 p.
302 1958 390 1998 189.
416 1971 470 1977 —
499 1951 628 1986 Verba
650 1952 764 1985 minio

66 2006 229 2057 suffusus
252 2008 355 2055 quod
380 2007 538 2047 attinet,
571 2007 763 2041 notandus

74 2064 187 2098 verbi
209 2062 424 2112 suffundere
454 2064 539 2098 usus
562 2063 607 2098 de
633 2061 764 2097 colore

75 2119 188 2155 faciei
225 2116 400 2155 inducto.
467 2120 529 2154 De
571 2119 620 2155 iis
661 2119 764 2154 enim

73 2174 306 2224 plerumque
367 2175 569 2223 usurpatur
635 2174 765 2214 rebus,

76 2244 173 2278 quae
213 2231 278 2266 sub
328 2240 415 2266 cute
464 2231 765 2279 conspiciuntur.

78 2287 151 2321 Sed
171 2285 349 2335 exempla
372 2286 477 2322 dabit
496 2285 766 2322 Forcellinius.

135 2398 198 2442 56.
240 2399 430 2445 inexperta
469 2399 574 2434 duxit
616 2399 662 2434 ab
691 2406 770 2434 arte

78 2456 222 2499 choros)
248 2456 439 2501 inexperta
460 2468 529 2496 ars,
553 2456 664 2493 cuius
687 2453 773 2490 nul-

77 2510 160 2545 lum
199 2511 343 2545 factum
377 2511 618 2560 periculum,
655 2523 770 2552 nova,

78 2567 276 2601 intentata.
309 2567 354 2602 ab
377 2567 503 2616 poetis
527 2568 578 2603 ita
602 2567 770 2602 abunda-

81 2635 122 2656 re
142 2621 246 2658 [olet.
269 2636 308 2658 v.
333 2624 412 2672 sup.
435 2625 466 2666 l,
484 2631 519 2666 5,
540 2630 579 2670 lp.
608 2625 658 2658 H.
707 2624 772 2658 Pe-

84 2677 220 2714 desti-es
244 2679 357 2715 etiam
388 2680 587 2729 scriptores
612 2691 774 2729 praepo-

1355 949 1522 1002 Fusus

827 1110 1009 1145 [itionem
1038 1108 1085 1143 ab
1114 1108 1165 1144 ita
1194 1111 1445 1159 usurparunt,
1478 1129 1524 1154 ut

831 1165 919 1200 esset
951 1165 1057 1199 idem
1088 1164 1167 1199 fere
1204 1167 1309 1212 quod
1329 1172 1521 1215 χρησθείς,

830 1222 927 1261 usus,
960 1231 1003 1255 ut
1023 1220 1103 1255 Cic.
1125 1234 1182 1268 pr.
1199 1221 1338 1258 Milon.
1361 1236 1440 1272 cap.
1457 1236 1522 1265 21,

829 1277 861 1321 §.
882 1278 949 1320 56.
989 1277 1083 1312 Non
1104 1277 1298 1325 pertinent
1320 1278 1398 1314 huc
1422 1280 1521 1324 loca,

832 1332 956 1381 qualis
984 1332 1033 1368 est
1051 1332 1152 1380 apud
1171 1334 1347 1371 Ciceron.
1372 1336 1418 1371 de
1430 1336 1525 1374 Offio

832 1389 903 1425 ciis
933 1391 962 1425 1.
994 1398 1029 1424 2.
1069 1390 1133 1425 W.

890 1473 954 1510 57.
988 1466 1098 1502 Ovile
1123 1466 1162 1502 h.
1184 1465 1209 1501 I.
1231 1467 1276 1503 de
1297 1467 1441 1507 stabulo
1466 1486 1523 1509 ca.

831 1536 1009 1571 prearum
1024 1549 1033 1563 ,
1078 1522 1186 1571 quod
1227 1527 1380 1573 egregie
1410 1529 1525 1565 Bent-

830 1578 930 1614 leius
952 1579 998 1613 acl
1018 1580 1155 1614 Horat.
1172 1578 1246 1616 Od.
1268 1582 1297 1621 Ι,
1326 1593 1386 1626 17.
1408 1592 1525 1632 p.33.

830 1632 1048 1669 illustravit.
1081 1636 1146 1671 VV.

889 1711 952 1747 62.
988 1713 1116 1748 Molle
1147 1717 1246 1761 gerit
1277 1719 1334 1761 t.)
1384 1719 1522 1757 Versus

831 1767 1066 1804 suaviffimus
1096 1770 1302 1808 artificiosa
1337 1775 1526 1823 epitheto-

831 1838 919 1860 rum
958 1823 1230 1862 collocatione.
1282 1829 1405 1866 lucida
1445 1835 1526 1868 ovis

835 1882 884 1915 est
916 1881 1088 1916 candida.
1126 1894 1165 1917 v.
1196 1885 1373 1922 Broukh.
1432 1890 1526 1925 Non

831 1937 961 1972 minus
986 1936 1180 1986 eleganter
1203 1938 1323 1977 Ovid.
1346 1945 1411 1983 IV.
1433 1945 1524 1981 Fast.

834 2002 925 2037 775·

917 2050 1102 2098 Lunaque
1141 2057 1357 2098 proveniat,
1405 2059 1527 2093 nullas

1110 2107 1254 2157 laesura
1282 2115 1437 2160 puellas,

975 2162 1117 2198 Mollis
1129 2172 1165 2198 et
1182 2166 1231 2200 acl
1242 2175 1385 2204 teneras
1397 2185 1521 2220 quam-

1110 2219 1202 2256 libet
1226 2234 1317 2270 apta
1342 2241 1476 2261 manus.

893 2284 957 2330 63.
1000 2288 1096 2321 Hinc
1134 2296 1170 2322 et
1199 2288 1384 2337 femineus
1421 2294 1528 2329 labor

837 2340 903 2391 est).
936 2343 1055 2379 ovid.
1078 2344 1108 2379 I.
1140 2344 1225 2382 Am.
1252 2356 1311 2391 13,
1334 2359 1398 2392 250

926 2400 1001 2440 Tu,
1033 2413 1111 2436 cum
1123 2399 1282 2448 feminei
1300 2404 1437 2455 poffint
1458 2405 1527 2454 ces-

1107 2455 1195 2504 sare
1227 2459 1382 2503 labores,

978 2511 1195 2559 Lanificam
1217 2528 1365 2552 revocas
1386 2519 1437 2553 ad
1458 2515 1530 2567 sua

1114 2568 1228 2617 pensa
1256 2585 1415 2610 manum.

838 2636 877 2661 v.
908 2625 962 2661 ib.
996 2623 1125 2663 Ileins.
1157 2627 1274 2666 Hinc,
1314 2641 1332 2662 a
1361 2629 1470 2672 lana,
1512 2642 1531 2664 a

841 2680 999 2718 vellere.
