1752 2974
185 65 275 116 254

659 67 837 108 ALBII
875 67 1137 109 TIBVLLI

183 185 382 239 Fabula
401 183 510 234 five
531 201 739 234 novum
761 184 909 233 dedit
927 185 1011 236 his
1031 183 1301 235 erroribus
1322 184 1528 236 orbem:
1561 197 1633 241 8⁰

183 273 262 323 Sit
283 274 432 323 labor
457 274 629 331 illius,
678 283 769 321 tua
793 272 924 320 dum
956 272 1203 323 facundia
1226 273 1410 322 maior.

181 363 293 414 Iam
326 372 377 410 te
412 377 525 411 non
559 363 691 412 alius
720 361 850 411 belli
883 371 1027 412 tenet
1061 363 1233 428 aptius
1264 360 1422 410 artes:

181 453 301 518 Qua
325 447 503 501 deceat
526 459 692 499 tutam
725 447 898 499 castris
926 449 1244 515 praeducere
1277 447 1485 509 foffa1n3

179 536 420 606 Qualiter
453 535 698 587 adversos
731 534 873 585 hosti
907 535 1139 601 defigere
1175 554 1386 595 cervos;

178 628 422 694 Quemve
441 624 622 676 locum
643 623 809 677 ducto
825 625 1017 673 melius
1035 621 1099 672 sit
1119 624 1361 673 claudere
1380 623 1540 681 vallo,
1562 632 1627 681 85

176 712 437 763 Fontibus
468 723 527 764 ut
555 712 736 764 dulces
770 722 1011 778 erumpat
1044 722 1179 761 terra
1207 713 1457 776 liquores,

175 800 250 848 Ut
281 798 559 866 facilisque
595 803 703 850 tuis
733 800 908 851 aditus
944 798 1033 857 sit,
1074 809 1124 846 et
1146 799 1347 847 arduus
1372 797 1531 862 hosti}

176 886 375 939 Laudis
409 899 460 938 et
492 887 714 940 adsiduo
746 889 919 956 vigeat
951 889 1233 938 certamine
1266 888 1443 940 miles:

176 1108 348 1139 veteres,
381 1098 519 1147 Vlyffis
551 1111 700 1135 errores
728 1099 771 1133 in
803 1112 874 1137 no·

176 1156 275 1195 stro,
307 1168 353 1189 an
389 1166 498 1190 extra
530 1154 700 1190 nostrum
722 1156 872 1196 orbem,

174 1213 220 1248 in
258 1210 416 1247 Oceano
455 1210 651 1247 Atlantico
691 1212 872 1260 contigis-

175 1271 268 1308 [ent.
327 1268 389 1302 De
429 1281 508 1315 quo
553 1267 704 1316 copiose
742 1267 872 1305 secun-

176 1326 269 1361 dum
320 1324 547 1360 vetustiores
605 1322 687 1371 egit
735 1323 870 1358 Strabo

173 1381 264 1420 Lib.
286 1381 313 1415 I.
353 1380 539 1418 Fabulose
559 1379 654 1418 haec
677 1374 807 1417 omnia
831 1379 873 1413 in

177 1436 343 1484 Odyssea
366 1436 438 1472 effe
464 1445 633 1475 narrata,
666 1448 782 1470 nemo
804 1436 873 1471 du-

174 1493 297 1533 bitem
328 1505 401 1541 pro
429 1493 494 1527 suo
524 1492 687 1540 quisque
709 1492 870 1539 ingenio

174 1549 288 1587 facile
302 1549 529 1589 constituam
553 1548 598 1583 ad
613 1558 753 1583 certam
775 1560 870 1583 vero

176 1604 482 1656 geographicam
522 1605 713 1641 rationem
752 1611 869 1640 'nemo

174 1673 346 1702 xevocet,
360 1662 432 1700 nisi
445 1662 515 1709 qui
528 1661 724 1698 variarum
736 1674 870 1697 rerum

173 1718 426 1769 ignoratione
457 1718 530 1757 sibi
560 1717 647 1767 plus
685 1717 869 1758 confidat,

177 1789 293 1824 quam
331 1775 607 1823 prudentiores
645 1772 761 1809 licere
800 1773 870 1808 sibi

173 1832 363 1873 iudicent.
423 1831 552 1879 Igitur
592 1832 742 1877 cognita
784 1832 870 1866 sunt

174 1889 276 1932 visa,
310 1902 407 1941 quae
429 1893 656 1924 evenerunt.

232 1974 301 2013 83.
334 1976 452 2006 tutam
482 1983 535 1994 -·-
559 1963 729 2015 foffam)
772 1979 868 2013 qnae

175 2025 290 2061 castra
333 2035 415 2059 tuta
456 2022 596 2059 reddit.
687 2023 869 2057 Procedit

173 2092 280 2118 nunc
295 2079 535 2117 versificator
569 2079 615 2114 ad
644 2078 773 2113 laudes
793 2079 867 2113 mi-

172 2137 320 2173 litares.
378 2137 411 2171 A
445 2149 482 2171 v.
512 2143 565 2180 83
588 2154 601 2161 -
623 2141 689 2180 87.
732 2136 776 2170 de
809 2149 866 2170 ca-

173 2193 456 2230 strametatione
481 2193 580 2241 agit:
614 2191 704 2228 inde
735 2192 781 2226 ad
805 2205 868 2227 ex·

174 2250 424 2286 excitationes
447 2248 641 2286 castrenses
662 2249 864 2296 procedit3

172 2305 320 2356 quibus
333 2312 383 2353 98
405 2303 608 2353 subiungit
628 2305 797 2341 tacticen2
814 2306 864 2342 H.

172 2363 261 2414 Qua
280 2362 408 2397 deceat
427 2372 519 2397 caet.
542 2363 602 2396 De
615 2361 866 2398 construetio-

171 2432 222 2459 ne
243 2418 290 2456 cf.
312 2418 402 2454 Tib.
422 2419 452 2459 Ι,
477 2425 514 2463 8,
534 2425 599 2462 57.
634 2417 696 2455 VV-

228 2514 298 2556 84.
330 2510 471 2554 cervos)
503 2510 599 2544 Sunt
617 2507 762 2556 stipites
786 2508 865 2544 fur-

174 2567 251 2602 eati
269 2566 311 2602 in
332 2566 498 2605 ,formam
519 2577 711 2601 cornuum
743 2566 864 2600 cervi-

172 2635 332 2663 norum.
389 2622 542 2666 Nostris
575 2622 714 2672 equites
732 2622 865 2673 Hispa-

1501 972 1637 1043 Quis

941 1100 991 1133 ni.
1023 1111 1062 1134 ν.
1095 1096 1274 1134 ΒιὉυΜι.
1311 1107 1349 1135 et
1377 1096 1423 1131 ad
1453 1095 1642 1134 Frontin‚'

940 1157 1164 1203 Strategem.
1190 1156 1219 1194 Ι,
1246 1161 1282 1197 5,
1309 1163 1343 1189 2.
1367 1164 1489 1188 notas.

997 1211 1063 1256 36.
1096 1219 1264 1257 erumpat
1283 1219 1380 1244 terra
1392 1211 1568 1259 liquoreS)
1591 1207 1633 1245 h.

940 1267 1132 1306 effundat,
1171 1267 1306 1301 active.
1342 1266 1422 1301 vid.
1453 1263 1632 1301 Broukh.

940 1335 978 1358 et
1000 1323 1171 1359 Passerat.
1203 1323 1265 1357 Sic
1286 1333 1324 1360 et
1344 1322 1505 1370 simplex
1534 1333 1633 1356 rum·

939 1392 1038 1429 pere.
1070 1380 1234 1417 Severus
1254 1379 1297 1414 in
1314 1379 1458 1415 Aetna:

998 1454 1052 1461 -—
1083 1436 1254 1486 ruptique
1286 1435 1387 1473 cavis
1411 1434 1634 1487 fornacibus

1221 1492 1332 1538 ignes.

938 1547 977 1584 h.
1004 1547 1146 1588 emiffi,
1177 1559 1422 1595 erumpentes
1454 1548 1501 1584 se.
1541 1549 1634 1597 Spo-

939 1615 1041 1641 ctant
1064 1616 1191 1642 autem
1211 1604 1303 1639 haec
1324 1605 1390 1641 vff.
1407 1604 1472 1649 36.
1495 1610 1562 1649 87.
1585 1603 1633 1639 ad

938 1661 1248 1710 opportunitates
1269 1661 1498 1699 castrorum.
1529 1661 1632 1696 inter

938 1731 1031 1766 quas
1055 1718 1130 1752 hoc
1157 1717 1278 1766 ipsum
1300 1717 1546 1753 referendum
1571 1718 1631 1758 est,

938 1775 1044 1824 quod
1071 1788 1108 1809 v.
1136 1780 1199 1818 38,
1225 1774 1417 1821 sequitur,
1459 1784 1503 1808 ut
1524 1786 1631 1813 exer·

938 1831 1117 1866 citationi
1136 1830 1309 1866 militum
1342 1830 1541 1879 campestri
1572 1828 1631 1865 lo-

938 1900 1004 1923 cus
1034 1888 1200 1922 idoneus
1234 1885 1392 1922 relictus
1425 1889 1482 1923 sit.
1532 1888 1632 1923 Sunt

936 1943 1126 1979 nonnulla
1149 1942 1209 1976 his
1231 1942 1370 1978 similia
1389 1943 1491 1992 apud
1514 1942 1629 1979 Clau-

937 2001 1039 2038 diau.
1069 2001 1114 2035 de
1134 2000 1197 2037 le
1223 1999 1336 2034 Conf.
1359 2001 1510 2038 Honor,
1536 2008 1629 2044 520.

934 2058 1013 2109 sqq.

991 2120 1058 2158 88.
1089 2112 1236 2152 Laudis
1255 2121 1291 2147 et
1318 2110 1458 2162 affiduo
1482 2132 1534 2139 —-·
1556 2126 1630 2147 cer-

935 2173 1098 2215 tamine)
1132 2170 1191 2205 De
1223 2169 1499 2204 exercitatione
1528 2182 1629 2204 came

933 2228 1049 2276 pestri
1088 2226 1150 2275 agi
1189 2226 1431 2261 manifestum
1478 2225 1536 2261 fit.
1577 2225 1625 2262 cf.

935 2284 1040 2321 Obss.
1101 2296 1215 2330 quam
1275 2292 1454 2329 tanquam
1515 2289 1628 2329 poeta

936 2351 1098 2378 exornat
1118 2339 1186 2375 vss'.
1213 2340 1310 2386 seqq.
1342 2352 1462 2384 usque
1492 2339 1534 2373 ad
1561 2348 1628 2386 97·

935 2410 1032 2445 quae
1075 2396 1205 2433 omnia
1251 2408 1322 2438 pro
1370 2394 1626 2430 illustratione

933 2454 1063 2489 versus
1086 2458 1149 2497 87.
1176 2452 1346 2491 habenda
1371 2452 1476 2486 sunt:
1505 2461 1625 2485 recte-

932 2523 979 2545 ne
1013 2509 1104 2546 haec
1135 2522 1202 2543 nec
1235 2522 1279 2542 ne
1313 2508 1374 2542 hic
1404 2507 1625 2554 interposita

933 2567 1002 2602 [ml
1075 2565 1148 2599 alia
1180 2564 1227 2600 est
1260 2563 1438 2612 quaestio.
1517 2563 1625 2598 Laus

930 2623 1055 2672 igitur
1084 2622 1125 2659 11.
1153 2622 1194 2664 l„
1225 2632 1268 2658 ut
1288 2621 1393 2670 saepe
1412 2619 1516 2662 alias,
1549 2632 1623 2668 pro

1545 2689 1625 2714 vir-
