1752 2974
185 148 243 194 46
632 144 836 186 ALBII
892 145 1194 187 TIBVLLI

265 265 354 316 Ne
387 267 547 332 capiti
577 263 740 320 soles,
790 279 858 310 ne
891 274 1221 328 noceantque
1253 265 1421 323 nives,

189 358 337 423 Quae
370 366 459 404 tua
479 349 740 404 formosos
762 351 900 415 cepit
923 349 1166 401 solertia?
1208 353 1363 401 Certe

266 444 398 492 Non
424 443 522 490 tibi
553 438 712 488 barba
741 439 898 496 nitet,
935 456 1047 488 non
1081 441 1181 487 tibi
1207 440 1348 488 culta
1370 456 1520 489 colna
1545 438 1618 488 est
1628 457 1643 499 ;

187 530 389 579 Nudus
423 539 474 575 et
507 528 763 576 hibernae
792 524 1045 591 producis
1075 525 1275 592 frigora
1300 527 1536 586 brumae,
1611 540 1642 587 5

264 615 466 665 Nudus
497 626 549 663 et
581 613 763 662 aestivi
787 623 1025 679 tempora
1050 612 1171 662 sicca
1195 616 1365 665 Canis.

187 706 272 754 Sic
304 720 431 768 eg03
468 713 586 752 tum
617 701 810 752 Bacchi
842 699 1124 767 respondet
1153 701 1345 752 rustica
1377 701 1570 766 proles,

188 944 334 991 quibus
352 944 448 993 poni
468 942 536 980 ille
557 943 684 980 debet.
741 946 788 979 In
808 945 888 980 Lu-

187 1000 287 1036 fibus
320 1007 386 1044 82.

245 1057 397 1096 Placet,
428 1057 582 1103 Priape,
614 1055 758 1105 quisub
778 1055 885 1093 arbo-

469 1125 520 1147 rzs
545 1125 649 1147 coma

246 1168 375 1210 Soles,
396 1167 543 1217 sacrum
576 1171 762 1204 revinctus
780 1181 885 1216 pam.-

466 1226 557 1272 pino
579 1235 702 1274 caput,

246 1282 409 1317 Sedere?
625 1292 632 1295 *

185 1338 293 1374 Alias
317 1338 384 1373 sub
408 1338 474 1372 dio
496 1337 612 1373 stabat
632 1338 800 1372 iniuriae
825 1343 886 1372 a&-

185 1395 242 1430 ris
266 1394 463 1429 obnoxius
477 1419 488 1433 ,
520 1404 564 1428 ut
581 1394 623 1427 in
642 1394 730 1428 Lus.
754 1394 883 1429 carm.

190 1449 256 1496 64.
298 1449 388 1485 loco
428 1449 523 1483 huic
566 1448 765 1483 simillimo
781 1473 790 1487 ‚
849 1458 888 1482 et

186 1507 296 1554 saepe
321 1505 429 1541 alibi.
492 1505 552 1539 Sic
583 1505 651 1538 tibi
672 1503 777 1553 sint.-
808 1503 886 1537 for-

185 1561 294 1596 mula
330 1560 543 1596 obtestandi
575 1574 644 1608 per
666 1573 726 1595 res
748 1558 887 1594 cariffi-

185 1631 280 1658 mas‚
313 1629 359 1652 ut
386 1618 457 1655 inf.
487 1618 548 1657 ΙΙ,
573 1623 618 1659 5,
646 1626 738 1651 121.
770 1617 822 1654 II,
847 1615 886 1650 6.

187 1683 254 1718 50.
296 1675 347 1709 H.
415 1675 514 1708 Ante
558 1673 689 1708 omnia
730 1684 886 1718 compa-

186 1730 331 1765 :candus
367 1741 446 1766 erat
475 1729 588 1764 loeus
620 1728 779 1763 Horatii
807 1730 884 1764 Sat.

186 1787 250 1825 ΙΙ,
274 1795 321 1828 5,
346 1796 441 1830 500.

246 1844 390 1882 Stoice,
415 1839 499 1891 post
526 1842 700 1876 damnum
720 1838 778 1889 fic
797 1853 884 1874 ven-

304 1898 372 1933 das
402 1895 528 1934 omnia
558 1897 687 1945 pluris,

209 1989 213 1993 ,
247 1957 371 2007 Quam
400 1969 457 1990 me
479 1951 686 2002 stultitiam
705 1973 760 1980 —
791 1965 884 2002 quo·

302 2014 404 2046 niam
425 2024 500 2046 non
518 2007 567 2056 eft
578 2023 693 2057 genus
705 2024 816 2045 unum
829 2028 884 2036 —-

246 2067 412 2117 Insanire
441 2069 580 2115 putas?

185 2127 238 2163 Et
249 2125 436 2160 convenit
450 2125 563 2159 Mart.
576 2123 624 2162 V.
640 2122 676 2163 6,
693 2124 883 2166 2—7.VV.

248 2191 285 2224 3.
319 2182 423 2232 Quae
461 2188 524 2213 tua
555 2177 747 2227 formosos
789 2182 884 2228 cepic

179 2238 369 2290 solertia)
420 2236 576 2271 Sensus:
635 2236 715 2270 Dic
765 2236 882 2277 mihi,

188 2294 347 2343 quaeso,
376 2291 433 2342 fic
464 2290 634 2339 umbrosa
662 2302 732 2327 etc.
775 2292 883 2327 obte-

187 2351 263 2387 stor
286 2360 322 2385 te
338 2362 409 2397 per
422 2348 614 2388 umbram,
638 2361 753 2395 quam
769 2361 883 2387 amas,

188 2407 376 2442 arborum
415 2403 581 2445 seilicet,
632 2404 700 2440 sub
739 2404 886 2452 quibus

189 2464 274 2498 eius
317 2463 468 2509 lignum
506 2460 604 2508 poni
638 2459 802 2500 solebat,
842 2471 887 2496 ut

188 2518 281 2554 alias
301 2531 369 2566 per
390 2516 556 2564 templa,
586 2529 679 2557 aras,
711 2529 786 2564 qua
807 2527 886 2551 arte

189 2586 228 2610 et
250 2588 325 2622 qua
346 2572 552 2609 calliditate
566 2585 709 2620 pueros
724 2573 771 2607 ad
783 2585 886 2607 amo-

189 2644 272 2665 rem
299 2641 411 2666 tuum
442 2628 625 2678 pellicere
649 2629 755 2673 (hoc
781 2630 886 2663 enim

189 2686 239 2722 est
271 2700 422 2735 capere,
452 2686 501 2722 cf.
532 2698 569 2723 v.
598 2686 692 2730 13.)
711 2684 886 2735 potuisti,

1392 790 1648 837 Armatus

956 955 1044 977 cum
1073 951 1162 976 tuus
1193 940 1321 975 cultus
1353 954 1434 975 non
1465 953 1542 976 tam
1572 939 1648 975 ele-

955 1010 1047 1045 gans
1078 998 1141 1036 fit,
1176 1007 1218 1031 ut
1249 1009 1294 1031 eo
1316 997 1476 1032 nomine
1498 996 1649 1044 placere

953 1052 1082 1101 poffis.
1139 1053 1200 1087 Sic
1230 1053 1333 1087 enim
1364 1053 1441 1102 ipse
1476 1052 1575 1087 dese
1594 1051 1648 1087 fa-

954 1119 1060 1143 tetur
1081 1109 1174 1143 deus
1195 1109 1237 1142 in
1256 1109 1384 1144 Lusib.
1406 1111 1475 1157 Ep.
1499 1114 1564 1152 40.

1009 1166 1085 1201 JVle
1140 1165 1293 1212 pulchra
1340 1164 1471 1212 fateor
1528 1177 1651 1200 carere

1225 1219 1371 1267 forma.

1011 1285 1049 1320 5.
1091 1276 1264 1311 hibernae
1300 1277 1474 1325 producis
1498 1274 1651 1323 frigora

954 1334 1129 1376 brumae)
1186 1333 1335 1367 dictum
1359 1359 1369 1372 ‚
1438 1343 1501 1372 ut,
1564 1345 1649 1378 pro-

955 1393 1083 1427 ducere
1107 1398 1262 1424 noctem.
1293 1391 1408 1436 Prop.
1436 1390 1476 1429 Ῐ,
1507 1397 1554 1430 3,
1579 1397 1646 1434 59.

1011 1446 1047 1481 Ο
1075 1447 1217 1479 utinam
1239 1445 1330 1479 tales
1351 1445 1553 1492 producas,
1584 1445 1650 1478 im-

1235 1500 1373 1547 probe,
1414 1504 1564 1535 noctes!

956 1569 1041 1593 ante
1072 1572 1110 1593 V.
1144 1566 1208 1600 37.
1247 1555 1455 1604 consumere
1484 1565 1651 1605 tempora

955 1617 1074 1649 nozcis
1100 1614 1260 1648 dixerat.
1321 1613 1482 1661 Proprie
1504 1614 1650 1661 produ-

956 1682 1099 1705 cuntur
1138 1668 1343 1708 convivia,
1384 1668 1512 1709 lusus,
1553 1669 1649 1709 ioci,

953 1739 1024 1775 per
1052 1736 1230 1765 nocte-1113
1263 1724 1356 1758 hinc
1389 1735 1426 1759 et
1455 1725 1532 1772 ipsa
1554 1738 1648 1761 nox.

954 1781 1130 1830 Simplex
1166 1782 1294 1815 ducere
1322 1780 1566 1828 frequentius
1601 1781 1650 1816 est

952 1838 996 1872 in
1036 1852 1075 1873 ea
1107 1839 1293 1877 notione;
1325 1837 1388 1871 [ed
1420 1837 1535 1872 etiam
1572 1847 1647 1873 tra-

952 1895 1038 1929 here
1077 1894 1246 1929 dicimus
1287 1902 1442 1928 noctem.
1479 1905 1517 1930 v.
1551 1895 1646 1930 Aen.

953 1954 994 1992 I,
1021 1957 1112 1995 743,
1160 1953 1259 1985 Item
1283 1950 1491 1989 extrahere,
1524 1959 1648 1985 excen-
1750 1971 1752 2016 4

951 2008 1060 2046 dere,
1093 2008 1254 2042 educere.
1288 2019 1329 2044 V.
1361 2007 1572 2041 Burmann.
1600 2007 1649 2041 ad

950 2063 1079 2101 Valer.
1115 2065 1262 2108 Argon.
1304 2064 1344 2102 Ι,
1394 2068 1488 2103 251.
1534 2073 1571 2097 et
1601 2063 1650 2097 ad

953 2120 1072 2156 Ovid.
1093 2121 1135 2160 I,
1172 2119 1268 2153 Met.
1297 2119 1389 2162 683.
1414 2117 1460 2153 cf.
1483 2118 1532 2153 ad
1551 2118 1647 2155 Aen.

950 2177 1071 2217 VIII,
1114 2181 1178 2223 94.
1224 2176 1276 2211 Η.
1343 2183 1511 2222 tempora
1548 2173 1650 2225 ficca

950 2233 1037 2268 sunt
1072 2231 1245 2272 fervida,
1300 2244 1397 2280 quae
1438 2231 1539 2266 sitim
1569 2231 1647 2267 effi·-

951 2289 1074 2325 ciunt.
1139 2291 1196 2323 Ita
1237 2286 1425 2324 Horatius
1463 2287 1540 2322 Od.
1571 2289 1647 2328 ΙΙΙ,

953 2355 1028 2392 29,
1061 2355 1126 2381 2ο.
1179 2345 1258 2379 dies
1287 2344 1405 2395 siccos
1438 2343 1484 2378 de
1515 2342 1647 2378 aestate

951 2400 1227 2438 ferventiffima
1256 2401 1396 2450 posuit.
1443 2399 1535 2436 Vid.
1573 2400 1645 2436 inf.

952 2465 1020 2503 42.
1086 2459 1148 2493 De
1178 2457 1410 2505 repetitione
1442 2455 1485 2490 in
1513 2456 1646 2491 verbis

954 2514 1086 2549 Nudus
1110 2522 1146 2548 et
1167 2514 1213 2549 cf.
1235 2515 1330 2549 Not.
1343 2512 1389 2546 ad
1402 2513 1433 2552 1,
1450 2520 1486 2551 2,
1501 2513 1644 2555 71.W.

1015 2581 1050 2612 7.
1071 2567 1417 2617 Bacchi—proles)
1447 2567 1591 2602 Bacchi
1607 2578 1646 2603 et

952 2628 1131 2668 Veneris,
1154 2626 1259 2674 quod
1279 2623 1457 2673 plerique
1473 2623 1642 2660 tradunt.

952 2683 1037 2720 Alii
1056 2691 1193 2733 poetae
1218 2680 1341 2718 aliter.
