1752 2974
489 136 621 176 LIB.
653 136 688 174 I.
747 134 948 174 ELEG.
976 134 1123 175 VIII.

1456 134 1534 176 105

92 255 196 301 Vae
223 250 378 300 miser
405 250 600 301 absenti
624 248 840 298 maestas
862 267 1021 314 quam
1048 249 1198 316 saepe
1223 252 1457 316 querelas

169 340 430 396 Coniicit‚
478 349 529 386 et
565 339 792 386 lacrimis
829 340 1006 386 omnia
1034 340 1190 404 plene
1222 338 1457 388 madent!

92 427 237 495 Quid
257 443 342 475 me
363 425 595 491 spernit?
637 425 707 473 ait
715 443 730 483 ς
770 434 971 490 poterat
999 426 1233 477 custodia
1256 427 1425 485 vinci3
1463 438 1529 484 55

90 678 211 717 Vide,
244 676 313 725 qui
342 676 387 710 de
418 675 492 711 hoc
527 675 657 711 colore
691 691 776 726 ege..

89 744 201 773 runt,
233 732 407 767 laudatos
440 746 459 765 a
491 732 600 766 Titio
631 734 677 768 ad
697 735 775 769 Ne-

87 790 175 823 mes.
210 789 354 836 Cyneg.
388 797 480 835 5¹9·
540 789 655 823 Nunc
686 790 776 825 vide

88 845 234 880 doctiss'.
263 844 431 879 nostrum
462 843 674 892 collegam,
722 848 779 880 Io.

87 899 308 935 Beclzrnann
358 902 548 948 Beytriige
595 915 656 935 :ur
707 902 781 937 G&

80 954 243 1004 sclzz'cltce
268 957 330 990 aler
350 955 607 1002 Ezflndungen
637 960 705 998 IV,
743 973 777 993 ι.

86 1025 126 1060 p.
157 1018 221 1058 44.
264 1012 332 1060 qui
366 1012 520 1050 docuit,
558 1013 627 1046 effe
662 1015 778 1048 lutum

87 1068 258 1102 nostrum
294 1067 422 1106 IsVau,
453 1068 617 1101 resedam
650 1068 777 1104 luteo-

87 1121 162 1157 lam
181 1149 191 1164 ,
252 1136 349 1171 quae
406 1123 579 1158 colorem
632 1123 777 1159 flavum

87 1179 227 1226 gignit.
258 1180 308 1214 H.
368 1180 516 1213 Mirum
546 1179 692 1226 igitur,
734 1181 777 1214 in

86 1234 239 1270 Catullo
264 1234 311 1273 61
330 1259 340 1274 ‚
370 1243 459 1281 195.
485 1235 649 1271 eundem
671 1236 777 1271 colo-

86 1303 169 1325 rem
199 1290 369 1329 luteum,
398 1291 467 1337 qui
488 1290 675 1338 pallorem
700 1293 777 1327 hoc

86 1345 174 1383 loco
196 1358 315 1387 notat,
338 1359 410 1395 pro
432 1348 533 1396 roseo
547 1358 582 1383 et
593 1362 776 1396 purpureo

87 1414 220 1437 contra
260 1404 319 1438 rei
351 1414 387 1437 et
414 1402 569 1452 liuguae
600 1404 775 1439 indolem

87 1458 157 1492 effe
208 1471 417 1507 acceptum.
468 1480 522 1487 ——
594 1461 776 1495 Ceterum

84 1514 248 1562 pallori,
287 1525 331 1549 ut
364 1516 473 1560 figllo*
499 1527 601 1551 certo
636 1515 776 1550 summi

86 1573 251 1611 amoris,
292 1571 459 1610 maxime
492 1571 655 1607 confidit
683 1573 775 1606 Pro-

84 1628 234 1674 pertius
258 1629 295 1666 I,
320 1639 353 1668 1,
374 1634 437 1662 22.
468 1627 557 1663 coll.
581 1630 612 1667 I,
643 1635 679 1669 5,
706 1638 772 1661 21.

84 1698 140 1707 ·—
179 1696 333 1730 corpora
374 1694 447 1729 pro
481 1696 620 1732 corpus
653 1682 772 1718 Ovid.

83 1739 245 1773 Heroid.
266 1741 345 1779 VI,
369 1747 459 1786 129.
488 1740 583 1778 XII,
608 1745 671 1783 45.
719 1741 775 1774 Ita

83 1794 219 1829 Graeci
247 1795 395 1840 σώματα
429 1796 474 1830 de
499 1809 578 1830 uno
600 1795 775 1830 homine.

83 1851 200 1898 Apud
230 1851 465 1900 Sophoclem
499 1851 620 1889 Elect.
655 1860 773 1894 1232-

84 1906 144 1943 ads
160 1907 331 1943 Orestem
352 1907 464 1943 haec:

446 1991 505 2027 Ἰὼ
529 1994 647 2040 γοναὶ,

127 2045 233 2090 γοναὶ
251 2044 424 2089 σωμάτων
446 2044 527 2090 ἐμοὶ
552 2047 745 2092 φιλτάτων.

83 2130 134 2164 Et
152 2142 280 2177 corpus
303 2129 348 2163 dc
371 2142 449 2170 ore,
481 2141 525 2165 nt
544 2132 655 2179 Virg.
675 2134 770 2169 Aen.

84 2186 182 2225 XII,
216 2195 307 2221 221.
368 2187 529 2222 iuvenali
562 2190 598 2221 in
623 2203 775 2233 corpore

83 2242 220 2292 pallor.
251 2241 358 2276 Adde
379 2242 469 2280 infr.
491 2245 562 2284 111,
576 2249 615 2291 4,
629 2254 693 2288 30.
709 2247 774 2281 W-

144 2348 205 2383 53.
249 2346 312 2386 54.
354 2342 421 2377 Vel
462 2343 594 2392 miser)
650 2347 773 2394 Iunge

83 2396 143 2432 vel
168 2395 334 2444 absenti,
363 2401 464 2446 quasi
492 2400 567 2436 hoc
592 2401 668 2435 iam
692 2403 774 2437 cvi-

85 2452 178 2488 dens
210 2453 293 2488 fatis
322 2455 463 2490 amoris
493 2457 637 2504 fignum
662 2459 772 2499 effet;

84 2509 210 2545 multo
251 2510 372 2556 magis
409 2513 598 2557 praesente
632 2514 772 2562 puella.

86 2564 237 2600 Terent.
262 2567 355 2600 Hec.
379 2568 419 2606 1,
451 2581 463 2599 ι
480 2595 489 2608 ,
514 2577 550 2609 5.

138 2632 206 2668 Vel
254 2633 310 2668 hic

362 2637 577 2684 Pamphilus
627 2636 773 2673 iurabat:

362 2695 503 2740 quoties
529 2693 728 2729 Bacchidi!

1420 512 1534 581 Ipse

842 693 881 716 v.
912 679 1022 727 plura
1055 691 1112 726 ap.
1144 678 1319 714 Broukh.
1356 679 1408 712 H.
1473 679 1535 713 De

844 734 1010 769 lectione
1044 746 1194 783 recepta
1222 749 1288 769 vae
1319 735 1400 769 vid.
1430 733 1536 770 Obss.

845 793 961 826 Poc‘ta
1003 790 1118 824 amici
1159 791 1298 826 sortem
1331 790 1436 825 dolet
1472 797 1536 832 51.

848 846 913 888 67.
944 847 1007 881 VV.

904 903 1067 951 querelas
1099 905 1285 950 Coniicit)
1326 902 1365 937 h.
1407 903 1535 943 iactat,

845 960 948 994 iacit.
982 959 1061 993 Cic.
1082 959 1129 993 de
1148 960 1285 995 Divin.
1307 962 1336 1000 I,
1371 965 1432 1004 14.

907 1015 1064 1053 Vocibus
1114 1012 1242 1062 instat,
1301 1025 1336 1051 et
1380 1030 1401 1049 a
1431 1015 1536 1050 ulnas

1077 1073 1166 1105 iacit
1192 1085 1253 1106 ore
1273 1072 1450 1121 querelas.

848 1124 910 1162 Sic
929 1129 1044 1163 iacere
1065 1129 1191 1165 minas,
1216 1128 1338 1165 verba,
1362 1129 1535 1166 convicia,

844 1183 1001 1230 probra,
1042 1193 1110 1217 etc.
1151 1194 1188 1217 et
1221 1185 1396 1217 coniicere
1426 1184 1537 1217 male-

846 1241 958 1277 dicta,
988 1251 1105 1277 voces,
1139 1249 1208 1273 etc.
1230 1238 1387 1287 legitur.
1446 1240 1538 1273 Por-

844 1309 909 1331 ro:
952 1295 1044 1328 iacit
1074 1294 1247 1342 querelas
1277 1294 1434 1343 absenti,
1464 1308 1536 1341 pro

844 1352 886 1386 in
928 1351 1117 1386 absentem
1158 1350 1350 1399 puellam,
1414 1350 1536 1386 obvio

844 1409 912 1442 usu
944 1407 1044 1441 casus
1076 1408 1204 1448 te1·tii;
1245 1421 1315 1442 nec
1343 1406 1463 1442 modo
1494 1406 1538 1441 in

844 1463 976 1498 verbis
1028 1461 1210 1509 lugendi,
1262 1462 1422 1498 dolendi
1473 1473 1538 1497 aut

846 1518 1053 1566 querendi,
1113 1519 1218 1566 quod
1265 1532 1385 1566 genus
1429 1528 1539 1554 notat

849 1576 1045 1622 Musgrau.
1085 1575 1130 1608 ad
1163 1575 1298 1622 Eurip-
1334 1574 1536 1622 Supplices

843 1636 937 1674 840.
996 1630 1056 1664 Ad
1083 1644 1123 1666 v.
1161 1638 1225 1673 55.
1260 1630 1305 1665 cf.
1336 1631 1383 1664 ad
1410 1645 1446 1665 v.
1471 1638 1535 1673 25.

844 1686 909 1721 26.
942 1687 992 1720 H.
1051 1686 1167 1721 Haud
1197 1688 1272 1722 scio
1295 1701 1341 1721 an
1362 1697 1536 1721 constru-

844 1743 945 1777 ctio:
993 1743 1142 1777 coniicit
1191 1744 1358 1792 querelas
1395 1741 1538 1790 absenti

844 1798 890 1833 ab
910 1797 999 1838 illa,
1027 1811 1141 1845 quam
1172 1800 1338 1835 verbum
1360 1800 1538 1833 coniicere

842 1854 1002 1902 proprie
1035 1856 1259 1904 usurpatum
1289 1855 1446 1902 patitur,
1493 1864 1537 1888 ut

842 1911 953 1958 Virg.
971 1910 1063 1946 Aen.
1077 1913 1144 1953 XI,
1164 1920 1252 1957 195.
1277 1911 1404 1959 spolia
1424 1911 1536 1944 conii-

844 1968 942 2000 ciunt
967 1968 1065 2012 igni,
1097 1979 1134 2003 et
1157 1969 1255 2007 VII,
1276 1967 1370 2012 456.
1409 1965 1536 2013 facem

844 2024 965 2057 iuveni
984 2026 1150 2064 coniecit,
1183 2022 1386 2071 repetenda
1407 2026 1461 2058 fit.
1481 2040 1536 2049 —·-

839 2079 901 2113 De
949 2078 1230 2116 constructione
1278 2089 1445 2113 mutata:
1498 2087 1536 2112 et

841 2135 1064 2170 lacrimis—
1076 2138 1226 2171 madent
1245 2148 1338 2184 pro:
1368 2145 1405 2169 et
1422 2134 1535 2170 lacri-

842 2190 916 2225 mis
942 2208 996 2218 —
1022 2192 1156 2242 opplet
1187 2193 1267 2229 vid.
1296 2192 1391 2227 Not.
1423 2191 1468 2226 ad
1501 2192 1532 2229 I,

842 2255 887 2290 5⁹
911 2257 975 2291 70·
1006 2250 1071 2284 W.

902 2311 965 2347 55.
1004 2313 1157 2352 poterat
1202 2302 1365 2352 cufi-odia
1401 2305 1532 2349 vinci)

841 2360 882 2394 Si
905 2361 992 2408 quis
1013 2362 1058 2395 ad
1076 2361 1241 2397 verbum
1253 2363 1350 2396 vinci
1362 2360 1532 2395 fallendo

841 2429 887 2450 ex
939 2417 1115 2464 sequenti
1160 2416 1301 2464 fallere
1358 2414 1534 2463 supplere

838 2472 978 2513 vellet,
1009 2474 1199 2508 niteretur
1217 2472 1305 2508 loco
1332 2475 1382 2511 II,
1408 2484 1440 2510 1,
1466 2478 1531 2514 75.

891 2529 971 2563 Hoc
1024 2530 1132 2570 duce,
1191 2526 1352 2574 custodes
1393 2526 1531 2573 furtim

1013 2584 1233 2633 crunsgreſj'a
1262 2586 1418 2618 iacentes

921 2642 983 2680 Ad
994 2655 1145 2691 puerum
1167 2639 1412 2689 tenebrissola
1429 2640 1532 2689 puel·

1012 2698 1051 2732 la
1068 2700 1179 2733 venit.

1462 2754 1532 2791 ubi
