1752 2974
507 138 622 174 LIB.
659 134 752 173 ΙΙΙ.

825 133 1005 171 ELEG.
1037 133 1086 172 V.
1443 134 1526 178 215

71 251 187 299 Nec
217 267 317 300 nos
350 247 626 313 sacrilegos
663 247 876 311 templis
911 246 1249 296 admovimus
1284 247 1450 311 ignes,

142 339 260 386 Nec
295 353 387 386 cor
423 335 705 386 sollicitant
742 334 876 384 facta
905 334 1132 402 nefanda
1154 351 1366 392 meum;

68 424 184 472 Nec
208 440 333 481 nos,
367 421 575 471 insanae
601 423 913 473 meditantes
944 424 1115 488 iurgia
1143 423 1374 487 linguae,

141 512 311 578 Impia
345 511 402 558 in
439 509 685 560 adversos
722 510 983 561 solvimus
1019 527 1111 560 ora
1147 509 1288 559 deos.

52 602 131 651 ,Et
162 598 410 647 nondum
445 599 563 646 cani
599 600 781 664 nigros
813 599 1004 648 laesere
1040 599 1258 664 capillos
1270 615 1286 658 ;

1450 609 1515 655 15

139 688 255 734 Nec
300 686 443 734 venit
473 685 626 735 tardo
665 704 828 737 curva
857 686 1059 736 senecta
1088 686 1238 752 pede.

147 882 357 932 Laeserunt:
386 883 508 919 nullos
529 884 665 932 pocula
685 899 752 921 no-

337 937 414 986 slra
441 940 540 978 deos,

61 1009 149 1031 nam
192 996 240 1031 est
275 995 556 1048 intelligendns
597 997 666 1033 ille
708 998 753 1033 de

59 1053 244 1100 periuriis
285 1063 323 1088 et
363 1049 555 1088 conviciis>
585 1055 629 1089 in
660 1054 753 1089 deos

62 1109 171 1145 iactis
206 1109 307 1145 inter
339 1110 660 1157 compotationes.
700 1112 751 1145 H.

62 1160 193 1211 Infecit
216 1186 269 1192 -·-
290 1165 404 1200 dedic.
461 1161 652 1200 Similiter
694 1165 753 1200 di-

58 1220 190 1256 stinxit
213 1222 357 1256 Mosch.
379 1220 435 1255 Id.
457 1223 523 1261 III,
552 1227 664 1265 118..-

107 1277 169 1317 Τίς
190 1276 230 1314 δὲ
245 1277 381 1325 βροτὸς
398 1278 595 1313 τοσσοῦτον
613 1273 753 1322 ἀνάμε-

336 1346 418 1381 ρος,
451 1332 475 1377 ἢ
495 1329 649 1381 κεράσαι
673 1347 730 1368 τοι

92 1390 146 1424 ”II
160 1388 287 1426 δοῦναι
296 1381 462 1425 magona
480 1390 522 1424 τὸ
537 1390 752 1438 φάρμακονς

620 1449 681 1481 W.

118 1510 183 1537 12.
219 1510 283 1544 13.
319 1507 379 1548 14.
427 1502 648 1551 Iungendae
680 1502 752 1537 hae

58 1559 287 1598 sententiae,
319 1572 368 1594 ne
403 1558 587 1607 languere
619 1559 752 1593 videa-

56 1626 121 1651 tur
152 1627 273 1662 genus
304 1614 415 1662 facta
446 1613 615 1662 nefanda'
649 1615 753 1649 inter

55 1670 255 1720 sigillatim
285 1683 434 1707 narrata
456 1670 750 1719 interpositum:

55 1727 166 1775 quod
182 1728 311 1763 bonus
332 1736 447 1776 poe'ta
466 1728 548 1762 non
568 1726 751 1762 commiti

56 1794 123 1819 tat.
183 1784 257 1818 Sed
299 1783 433 1820 voluit
479 1783 627 1818 dicere:
680 1796 751 1818 nec

25 1841 157 1875 .facto
196 1852 266 1875 nec
298 1839 407 1875 dicto*
446 1840 611 1875 deorum
651 1840 751 1874 iram

54 1896 286 1945 provocavi.
330 1896 377 1932 cf.
412 1897 479 1935 ΙΙΙ,
515 1906 551 1939 4,
587 1903 649 1940 15.
688 1894 750 1930 16.

55 1953 143 1987 Hoc
164 1952 328 1987 alterum
351 1953 401 1987 sic
422 1951 584 1992 extulit,
623 1962 668 1987 ut
692 1952 750 1986 di-

57 2020 180 2044 ceret:
221 2009 255 2043 se
287 2022 368 2043 non
395 2008 596 2043 iracundia
631 2018 669 2042 et
690 2008 750 2042 fu·

57 2072 149 2100 rore
179 2064 381 2111 abreptum
411 2065 454 2100 in
481 2077 627 2099 numen
648 2064 749 2099 diras

55 2120 354 2171 imprecationes
376 2121 497 2169 impie
520 2120 747 2156 evomuisse.

59 2186 102 2211 ut
130 2177 210 2225 sup.
232 2177 261 2217 1,
288 2186 322 2216 2,
345 2186 410 2223 79.
671 2185 674 2190 ’

116 2233 217 2268 Num
241 2232 393 2267 Veneris
421 2247 580 2281 magnae
609 2233 751 2269 violavi

339 2291 492 2324 numina
516 2290 641 2328 verbo,

171 2343 227 2380 EI:
253 2358 334 2380 mea
360 2359 453 2380 nunc
472 2359 612 2392 poenas
636 2347 752 2394 impia

337 2402 466 2449 lingua
495 2403 597 2437 luit?

0 2499 1 2503 Ἰ
56 2460 106 2495 Et
135 2457 203 2494 lib.
234 2460 279 2498 II,
303 2457 340 2498 6,
369 2468 431 2501 17.
457 2465 519 2503 18.
550 2471 592 2493 ac
622 2459 688 2499 IV,
715 2468 752 2502 4,

0 2551 1 2557 ,
61 2522 123 2559 14.
152 2515 255 2562 (add.
278 2516 306 2554 Ι,
339 2523 376 2555 2,
409 2522 475 2557 52.
506 2516 595 2564 W.)
646 2515 751 2550 Abo-

58 2571 258 2607 minandas
289 2570 355 2606 has
386 2571 429 2605 in
451 2570 567 2607 deum
588 2571 752 2608 exsecra·

59 2627 207 2668 tiones,
245 2640 316 2663 nos
351 2625 609 2676 blasphemias
640 2640 754 2663 voca·

58 2695 159 2725 mus,
178 2683 281 2720 inter
291 2683 446 2734 piacula
466 2684 583 2721 etiam
603 2694 754 2722 veteres

1358 760 1520 809 Nata-

820 886 882 922 isti
931 886 1114 922 homines
1167 882 1364 924 habuere;
1428 881 1517 929 quis

820 944 918 979 ferat
957 944 1058 978 inter
1094 954 1165 977 nos
1201 953 1260 977 eas
1299 939 1518 986 frequenta-

821 999 889 1034 ri?
921 1001 971 1034 H.
1032 1000 1146 1035 Facta
1180 996 1355 1044 nefanda.
1400 992 1517 1029 Intel-

820 1054 1001 1104 li'guntm·
1046 1056 1217 1103 impetus
1264 1051 1517 1100 grassatorum

822 1111 1080 1147 etlam-onum.
1117 1108 1414 1147 Catuuxxm,
1441 1118 1488 1141 ιο
1504 1118 1515 1140 z

821 1168 911 1203 Non
949 1167 1057 1214 facta
1106 1169 1244 1213 impia,
1295 1177 1370 1198 non
1409 1163 1518 1197 dolos

819 1225 971 1264 veneni,
1010 1222 1083 1258 ubi
1105 1222 1214 1269 facta
1237 1221 1352 1267 impia
1381 1219 1517 1253 eadem

819 1281 925 1319 sunt,
968 1293 1065 1328 quae
1095 1279 1160 1312 hic
1192 1276 1302 1325 facta
1337 1273 1514 1323 nefanda·

821 1338 1028 1374 Caeterum
1052 1334 1230 1370 ordinem
1242 1332 1517 1368 sententiarum

820 1405 841 1426 a
858 1393 953 1427 vers.
984 1402 1006 1434 7
1021 1410 1075 1418 -
1093 1397 1154 1435 14.
1188 1389 1389 1437 displicere
1412 1385 1516 1421 mihi

818 1447 1008 1497 professus
1039 1449 1119 1482 sum
1148 1447 1191 1480 in
1221 1443 1326 1480 Obn'.
1357 1443 1404 1478 ad
1423 1445 1452 1484 I,
1477 1450 1516 1479 2,

817 1510 885 1552 49.
922 1503 995 1539 Sed
1018 1516 1122 1538 nnnc
1148 1501 1259 1536 aliter
1279 1499 1427 1535 iudico.
1448 1499 1516 1532 W.

883 1571 944 1596 12.
969 1558 1196 1607 sollicitant)
1228 1557 1268 1592 h.
1289 1555 1316 1591 l.
1339 1555 1389 1591 est
1410 1553 1515 1590 solli-

821 1617 944 1652 citum
975 1627 1012 1652 et
1041 1615 1201 1650 anxium
1236 1613 1392 1648 habent.
1428 1609 1515 1645 vid.

821 1674 903 1709 cic.
940 1685 1014 1722 pro
1057 1671 1164 1708 Rosc.
1210 1671 1339 1705 Amet.
1381 1681 1412 1702 c.
1448 1671 1514 1711 24.

819 1731 896 1765 Sua
931 1741 1108 1779 quemque
1139 1726 1251 1774 fraus
1287 1736 1358 1760 etc.
1408 1723 1515 1769 Quae

818 1785 995 1820 Broukh.
1039 1783 1216 1832 exempla
1255 1781 1321 1818 hic
1369 1779 1515 1819 laudat,

817 1840 923 1876 nihil
942 1841 1021 1877 huc
1042 1841 1204 1876 faciunt.

882 1904 945 1941 15.
976 1896 1113 1945 laesere
1142 1896 1315 1944 capillos)
1339 1893 1380 1928 h.
1404 1891 1511 1927 colo-

817 1968 902 1989 rem
920 1947 1202 1993 immutave're,
1234 1963 1278 1987 ut
1303 1949 1424 1986 Ovid.
1445 1950 1515 1982 ΙΙΙ.

818 2013 901 2047 Art.
927 2016 1017 2055 204.

934 2065 1143 2118 Pallescunt
1182 2063 1363 2114 frondes,

1098 2137 1197 2159 nova
1215 2119 1323 2169 laesit
1340 2120 1481 2167 hyems.

817 2194 855 2217 v.
878 2178 996 2228 Vulp.
1038 2179 1102 2215 Sic
1128 2179 1301 2216 colores,
1335 2176 1405 2223 qui
1428 2188 1514 2209 mu-

818 2247 970 2277 tantur,
1001 2237 1148 2272 violanc
1169 2234 1284 2269 lanas.
1318 2234 1367 2266 H.
1426 2231 1515 2266 Alia

817 2305 922 2328 nunc
952 2294 1057 2328 causa
1097 2291 1301 2327 subiicitur
1334 2302 1353 2323 a
1386 2298 1515 2335 poeta,

819 2362 937 2397 quare
977 2359 1148 2385 mortem
1184 2347 1423 2395 deprecetur.
1467 2342 1514 2378 cf.

823 2406 950 2454 Tuque
962 2408 1097 2442 Horat.
1120 2405 1168 2443 11,
1198 2413 1259 2443 12,
1286 2414 1322 2449 9.
1339 2420 1387 2428 m
1413 2401 1516 2434 Cave

818 2472 944 2496 autem
965 2458 1103 2510 iu'ngas
1125 2474 1163 2496 v.
1190 2460 1251 2494 16.
1282 2460 1383 2493 venit
1407 2455 1515 2491 turdo

817 2518 924 2568 pede,
956 2525 999 2554 ut
1022 2521 1051 2558 1,
1075 2530 1112 2564 9,
1138 2524 1170 2560 4.
1203 2516 1302 2551 Nam
1330 2515 1515 2554 senectus,

819 2587 948 2614 mors,
979 2573 1143 2613 similia,
1174 2570 1349 2607 celeriter
1381 2568 1516 2603 venire

1424 2072 1515 2110 qllssS

821 2630 1018 2667 dicuntur.
1052 2630 1098 2665 ef·
1119 2630 1148 2668 Ῐ,
1168 2640 1225 2666 202
1249 2635 1310 2672 40·
1349 2627 1515 2672 1¹¹¹¹ge¹¹‘

821 2686 918 2724 dum
942 2686 991 2726 est
1008 2700 1117 2724 curva
1135 2684 1228 2735 pede
1241 2683 1361 2719 tardo.
1390 2680 1514 2716 Deni-

1441 2750 1518 2786 que
