1752 2974
490 118 620 160 LIB.
652 116 687 155 Ι.
744 115 948 155 ELEG.
978 113 1080 154 III.

1454 111 1512 164 45.

61 239 314 294 Tantalus
345 235 417 285 est
438 235 576 292 illic,
615 244 668 282 et
688 234 886 282 circum
910 231 1114 297 stagna;
1156 229 1247 280 sed
1264 246 1437 280 acrem

135 331 246 377 Iam
267 329 372 375 iam
394 324 576 391 poturi
600 321 790 370 deserit
811 321 955 370 unda
980 319 1114 368 fitim
1131 337 1146 378 ;

60 418 126 465 Et
147 416 318 464 Danai
348 413 523 480 proles
539 448 553 469 ‚
595 410 808 460 Veneris
836 425 969 474 quae
991 408 1216 456 numina
1239 404 1399 466 laesit,

138 506 200 551 In
233 519 356 551 cava
380 500 632 550 Lethaeas
667 497 813 547 dolia
835 507 1009 563 portat
1032 513 1208 561 aquas,

1441 505 1516 551 80

46 591 177 639 -Illic
206 589 292 647 fit,
333 589 645 653 quicunque
668 603 814 635 meos
843 585 1072 634 violavit
1100 600 1326 643 amores,

140 677 357 743 Optavit
380 677 547 724 lentas
572 685 623 722 et
646 674 782 723 mihi
807 673 1035 721 militias,

64 765 132 814 At
161 775 223 813 tu
260 763 415 822 casta,
464 780 679 831 precor,
721 777 955 820 maneas,
994 758 1263 826 sanctique
1292 759 1518 828 pudoris

68 981 178 1029 quod
220 992 257 1016 et
295 981 450 1017 Graecis
496 981 610 1027 μέλαν
643 972 762 1029 ἧπαρ.’

66 1037 187 1086 Vulp.
230 1036 373 1084 Vir-gil.
414 1041 508 1071 Aen.
547 1039 626 1075 VI,
668 1045 761 1084 597„

66 1091 256 1141 rostroque
288 1094 447 1127 inmanis
473 1092 597 1126 vultur
620 1092 760 1128 obunco

66 1148 270 1184 Inmortale
283 1149 378 1182 iecur
397 1148 564 1183 tondens.
579 1147 624 1182 cf.
640 1148 761 1185 Ovid.

67 1204 110 1239 in
142 1205 231 1240 Ibin
265 1210 355 1250 134.
413 1205 532 1245 Aves,
561 1215 606 1239 ut
634 1212 763 1252 poeta,

69 1261 185 1295 etiam
227 1261 273 1295 de
314 1273 391 1295 uno
433 1260 592 1296 vulture
635 1260 762 1295 dicere

67 1318 211 1365 potuit,
267 1315 437 1366 Affiduas
459 1327 587 1351 autem
611 1315 763 1364 elegan-

69 1381 128 1408 ter
151 1384 189 1408 et
210 1374 368 1422 proprie
391 1373 501 1408 dixit.

130 1447 196 1486 78.
238 1454 357 1475 acrem
396 1441 475 1474 Iam
517 1441 592 1476 iam
638 1443 765 1489 poturi

72 1495 207 1545 deserit
237 1496 334 1542 unda
354 1494 490 1544 fitim)
531 1508 662 1532 ornate
692 1509 765 1545 pro

73 1553 213 1588 deserit
252 1565 364 1593 eum;
414 1551 491 1586 hoc
531 1553 661 1588 ornari
695 1566 767 1601 po·

74 1619 182 1648 terat,
214 1622 303 1644 eum
324 1608 513 1644 sitientem
536 1619 572 1644 et
591 1609 669 1644 iam
687 1610 766 1644 iam

73 1676 275 1714 poturum.

133 1742 199 1779 79.
258 1732 409 1767 Veneris
467 1746 559 1780 quae
617 1735 769 1769 numina

75 1787 208 1838 laefit)
239 1789 404 1826 Veneris
429 1789 659 1837 coxriugafis,
686 1803 767 1824 cac-

77 1846 125 1880 de
174 1845 408 1893 sponsorum.
458 1858 497 1882 v.
547 1845 768 1881 Broukhus.

76 1902 182 1937 Nota
215 1914 274 1935 res
306 1914 353 1934 cx
385 1901 501 1949 Epist.
524 1903 769 1949 Hypermne-

76 1956 168 1992 strae
188 1970 245 2005 ap.
268 1956 389 1992 Ovid.
411 1968 447 1992 ct
469 1970 516 1992 ex
534 1959 672 1994 Horat.
694 1959 770 1994 111.

81 2014 206 2049 Carm.
237 2026 298 2049 ιι.

92 2111 95 2116 .
138 2086 205 2124 80.
244 2081 288 2114 In
328 2095 418 2116 cava
457 2100 513 2108 --
552 2080 687 2125 dolia)
733 2079 774 2116 h.

81 2137 297 2185 perforata,
346 2138 516 2184 pertusa,
563 2136 776 2184 τετρημένα.

83 2194 147 2228 Sic
175 2191 296 2228 ovid.
322 2194 353 2226 Ι.
384 2194 465 2228 Art.
487 2199 582 2239 452.
616 2193 775 2229 videtur

84 2260 193 2284 cavas
225 2261 330 2282 aures
364 2248 520 2284 dixiffe:

199 2303 432 2352 Elapsusque
480 2319 571 2341 cava
612 2305 776 2354 fingitur

423 2375 510 2396 aure
547 2362 657 2410 lapis.

148 2446 213 2484 31.
256 2440 456 2489 quicunque
495 2453 594 2475 meos
621 2440 779 2478 violavit:

91 2497 259 2539 arnor-es)
307 2507 578 2544 corruptorem
626 2497 779 2545 puellae

92 2552 282 2601 intellige.
354 2554 411 2585 Ina
468 2553 572 2586 enim
622 2553 779 2595 laedere,

91 2609 235 2645 violare
273 2621 434 2645 amorem.
465 2619 502 2643 et
532 2609 649 2657 ipsam
679 2611 781 2657 puel-

1301 848 1520 900 Affideat

829 983 975 1018 dicunt.
1006 981 1076 1017 inf.
1098 984 1138 1022 I,
1171 982 1217 1022 6,
1245 989 1307 1026 51.
1364 983 1522 1022 Parcite,

829 1053 940 1087 quam
980 1036 1136 1084 custodit
1175 1040 1319 1080 Amor,
1380 1039 1524 1074 violare

828 1094 1003 1142 puellam.
1052 1094 1128 1138 (cs.
1167 1094 1270 1130 Obff.
1309 1094 1356 1128 ad
1395 1097 1436 1134 1,
1484 1104 1524 1136 2,

830 1155 897 1196 89.
927 1149 1023 1191 W.)
1083 1149 1194 1184 Dicit
1226 1160 1353 1184 autem
1376 1153 1525 1199 quicun-

832 1219 900 1254 que
916 1205 1074 1241 violavit
1094 1218 1140 1240 eo
1162 1206 1278 1246 sensu,
1299 1219 1378 1252 quo
1401 1206 1527 1243 multa

833 1262 1030 1297 efferimus
1054 1261 1253 1309 quotidie:
1277 1262 1314 1308 fi
1338 1264 1418 1312 quis
1443 1263 1526 1298 fue-

830 1318 906 1358 rit,
939 1318 1009 1366 qui
1033 1318 1169 1353 violet.
1200 1319 1252 1352 H.
1309 1316 1409 1366 Apte
1432 1318 1529 1354 haec

830 1374 1060 1422 imprecatio
1104 1374 1283 1422 exemplo
1315 1374 1530 1422 impietatis

831 1430 1078 1468 Danaidum,
1126 1431 1266 1466 acriter
1292 1432 1335 1466 in
1367 1433 1529 1467 Tartaro

833 1485 1015 1533 punitae,
1057 1485 1317 1534 subiungitur.
1387 1489 1531 1535 Magna.

837 1552 916 1575 arte
943 1542 1168 1576 Danaidum
1199 1542 1336 1578 scelere
1368 1544 1455 1577 usus
1482 1542 1532 1577 est

834 1597 1023 1632 Horatius
1048 1597 1122 1633 Od.
1147 1601 1230 1639 ΙΙΙ,
1260 1613 1306 1633 ιι
1325 1626 1334 1639 ,
1362 1608 1427 1634 22.
1449 1599 1531 1650 sqq.

835 1653 898 1688 De
931 1653 1069 1688 ceteris
1089 1654 1171 1691 vid.
1195 1654 1300 1691 Obff.
1321 1656 1387 1692 W.

895 1773 961 1811 32.
1014 1767 1135 1801 lentas
1170 1785 1228 1794 —
1269 1768 1449 1814 militias)
1490 1769 1532 1806 11.

838 1822 1036 1858 difficilem
1078 1823 1392 1872 expeditionem,
1437 1839 1534 1873 quae

838 1880 880 1914 in
914 1879 1084 1915 multum
1105 1890 1257 1928 tempus
1275 1881 1534 1929 protrahitur.

837 1935 1006 1972 Videtur
1036 1946 1165 1972 autem
1193 1936 1379 1971 hactenus
1405 1938 1534 1987 super·

838 1991 1002 2028 stitionis
1046 1992 1189 2041 priscae
1222 1991 1374 2041 aliquid
1405 1994 1536 2036 ineffe,

843 2061 919 2096 qua
961 2059 1005 2083 ut
1039 2050 1141 2085 diras
1172 2059 1209 2084 et
1237 2049 1535 2097 imprecationes

842 2104 927 2140 vim
950 2103 1105 2146 habere,
1137 2105 1192 2140 ita
1217 2105 1331 2140 etiam
1352 2106 1536 2154 malignis

843 2160 949 2195 votis
972 2174 1013 2196 ac
1031 2160 1228 2210 precibus,
1259 2161 1385 2197 multo
1412 2163 1538 2210 magis

844 2216 1014 2252 carmine
1044 2231 1085 2253 ac
1119 2217 1385 2260 fascinatione,
1434 2219 1538 2255 bona.

843 2272 1014 2307 aliorum
1045 2274 1252 2323 intercipi,
1282 2275 1381 2309 mala
1408 2287 1539 2310 autem

842 2329 983 2364 inferri
1012 2329 1198 2379 putabant
1219 2330 1398 2366 homines
1420 2330 1538 2372 stulti,

844 2386 914 2433 qui
935 2398 1102 2434 pravum
1121 2387 1341 2422 animorum
1359 2387 1538 2424 habitum

844 2454 933 2476 cum
1004 2455 1219 2491 pravorum
1287 2442 1539 2478 confiliorum

849 2497 1049 2535 effectibus
1085 2500 1369 2547 permutabant.

840 2561 1001 2595 nutem,

1434 2500 1539 2534 Eum

1058 2555 1128 2603 qui
1164 2555 1416 2590 infidiabatur
1455 2555 1539 2592 eius

852 2610 1017 2660 puellae,
1048 2611 1205 2659 longam
1227 2612 1430 2647 absentiam
1452 2625 1538 2660 pre-

97 2664 173 2700 lam
221 2665 356 2714 passsm
404 2675 441 2700 et
480 2665 606 2702 noster
645 2675 682 2702 et
716 2666 785 2703 alii
852 2677 980 2705 catum
1001 2666 1245 2705 effeTibuuo
1268 2667 1537 2705 crederelicet.
