1752 2974
494 132 605 170 LIB.
643 131 735 168 III.
810 131 990 169 ELEG.
1029 134 1110 173 IV.

1446 154 1530 201 209

72 241 232 310 Quod
266 242 311 291 si
346 261 467 293 vera
504 255 700 293 canunt
730 244 884 295 sacris
917 249 1128 297 oracula
1168 252 1394 316 templis,

144 334 284 380 Haec
317 333 400 380 illi
430 331 608 380 nostro
651 335 871 382 nomine
909 335 1047 383 dicta
1080 336 1244 387 refer:

67 420 183 466 Hoc
221 419 320 467 tibi
358 420 673 482 coniugium
709 424 974 485 promittit
1010 426 1199 474 Delius
1228 425 1336 491 ipse
1348 446 1363 486 ;

141 508 287 554 Felix
321 507 452 563 hoe,
513 507 676 556 alium
707 509 885 558 desine
919 513 1058 559 velle
1093 514 1289 562 virum.

1447 530 1520 574 80

40 593 240 654 *Dixin
309 594 620 657 ‹et-ignavus
656 595 880 646 defluxit
913 611 1126 664 pectore
1169 600 1397 654 somnus.

136 680 221 728 Ah
254 697 353 745 ego
385 697 454 729 ne
493 681 670 746 possim
711 694 850 733 tanta
886 687 1065 735 videre
1100 689 1259 738 mala!

59 766 177 815 Nec
219 768 318 816 tibi
358 767 676 818 crediderim
712 774 852 822 votis
895 779 1154 824 contraria
1190 788 1330 836 vota,

136 858 252 905 Nec
284 865 488 905 tantum
520 859 720 907 crimen
754 873 966 926 pectore
1000 862 1157 912 ineffe
1191 875 1303 914 tuo.

57 944 200 994 'Nam
221 955 271 993 te
294 959 392 993 nec
417 943 548 992 vasti
567 960 870 1009 genuerunt
892 967 1123 1015 aequora
1149 954 1320 1019 ponti,

1440 966 1509 1015 85

131 1033 250 1080 Nec
285 1031 551 1082 flammam
586 1035 811 1085 volvens
845 1055 937 1086 ore
973 1039 1254 1089 Chimaera
1287 1041 1421 1101 fero,

53 1117 169 1166 Nec
205 1118 591 1186 consanguinea
622 1121 903 1173 redimitus
940 1137 1084 1190 terga
1121 1139 1343 1193 caterva,

131 1206 235 1254 Cui
264 1217 366 1256 tres
396 1207 518 1256 sunt
548 1210 762 1275 linguae
801 1214 1267 1281 tergeminumque
1299 1200 1474 1283 caput,

51 1293 293 1357 Scyllave
321 1296 611 1360 virgineam
642 1298 856 1348 canibus
882 1298 1143 1349 succincta
1176 1301 1434 1368 figuram:

125 1382 243 1429 Nec
277 1392 328 1431 te
365 1396 670 1450 conceptam
701 1384 850 1434 saeva
882 1388 1063 1436 leaena
1100 1392 1240 1449 tulit,

1437 1409 1470 1454 9
1477 1410 1510 1445 0

1387 1483 1426 1528 Β
1434 1500 1511 1530 511·-

1476 1584 1496 1595 Ι

103 1609 168 1644 77.
222 1615 310 1637 vera
365 1611 502 1638 canunt
562 1603 745 1652 oracula)
812 1618 941 1646 ceant,
988 1606 1061 1642 nisi
1093 1607 1309 1646 novitatem
1342 1610 1508 1650 habeant

45 1654 215 1692 oracula
247 1670 381 1694 canere
416 1672 526 1700 vera,
579 1672 615 1695 et
648 1662 741 1697 deos

43 1724 179 1748 canere
222 1714 400 1754 oracula,
450 1727 662 1765 utrumque
697 1719 741 1754 in

42 1768 123 1804 usu.
161 1771 227 1805 W.

102 1832 169 1868 31.
208 1826 365 1872 defluxit
393 1838 540 1874 pectore
565 1829 738 1880 somnus)

40 1881 231 1922 suaviter,
263 1896 352 1917 narn
378 1884 626 1927 dormientes,
653 1889 737 1936 pul·

39 1937 224 1973 monibus
244 1939 371 1986 plenis
400 1941 606 1988 proflantes
628 1944 736 1991 spiri-

39 2002 137 2032 tum,
148 1994 333 2030 attollunt
353 2007 498 2043 pectus.
530 1999 575 2033 cf.
601 1999 706 2036 Obff.

96 2055 162 2093 85.
191 2053 289 2086 votis
309 2053 407 2088 meis
439 2057 626 2090 contraria
660 2055 734 2092 tibi

39 2105 112 2140 ess'e
151 2115 263 2145 vota,-
313 2118 357 2143 ut
390 2113 598 2147 amantium
639 2124 732 2149 vota

38 2161 119 2195 dici
144 2160 286 2201 solent,
324 2177 399 2211 pro
423 2166 504 2213 ipso
529 2180 671 2204 amore.

96 2223 164 2261 85.
194 2218 294 2252 Nam
316 2229 352 2254 te
380 2235 446 2256 nec
475 2223 595 2271 vasti)
625 2225 733 2260 Nota

36 2272 122 2309 loca
161 2274 330 2310 Homeri
362 2275 474 2314 Iliad.
501 2285 550 2324 II,
579 2289 646 2324 33.
679 2282 731 2329 sq.

35 2329 143 2377 Virg.
172 2330 268 2365 Aen.
288 2333 357 2372 IV,
377 2333 471 2376 365.
491 2335 570 2384 sqq.
603 2337 732 2372 Subii-

35 2385 90 2420 cit
112 2384 295 2422 Tibullus
328 2387 440 2436 plura
461 2389 556 2432 alia,
596 2393 658 2427 sed
691 2408 731 2429 ea

35 2442 167 2489 copia,
220 2455 317 2489 quae
361 2445 557 2481 fastidium
603 2448 730 2491 faciat,

33 2498 179 2532 neceffe
202 2498 274 2539 est;
307 2500 355 2539 cf.
380 2501 428 2535 ad
447 2502 605 2551 Elegiae
623 2505 730 2553 prin-

33 2553 207 2601 cipium;
252 2557 472 2602 praesertim
505 2572 593 2595 cum
627 2562 728 2597 eius-

32 2610 143 2644 modi
164 2610 428 2659 phantasmata
454 2615 531 2649 iam
557 2618 725 2653 nimium

33 2665 123 2702 trita
142 2667 214 2703 [int
233 2681 253 2703 a
268 2670 419 2719 poetis,
446 2683 517 2708 nec
539 2673 625 2709 satis
644 2673 725 2724 pla-

808 1676 881 1710 pro
904 1664 1168 1700 condimento.

866 1720 926 1764 86.
963 1722 1160 1766 flammam
1201 1721 1382 1765 volvens)

807 1788 940 1825 gauter
983 1789 1053 1824 pro
1068 1800 1077 1815 ,
1365 1790 1408 1815 ut
1439 1794 1506 1815 ex-

806 1834 944 1880 primit
984 1834 1164 1868 undantis
1204 1833 1377 1871 flammae
1418 1837 1502 1885 glo·-

806 1888 890 1928 bos,
923 1889 1038 1937 spiras
1064 1900 1099 1924 et
1122 1891 1337 1927 volumina.
1399 1893 1503 1928 conf.

807 1945 935 1992 virgil
987 1946 1074 1980 Aen.
1112 1947 1212 1988 Vm,
1250 1957 1342 1990 255.
1379 1949 1501 1990 02vid.

1431 1724 1506 1760 ele-

1130 1791 1291 1813 vomens
1306 1805 1314 1818 ,

803 2001 873 2036 VH
920 2003 1010 2037 Met.
1058 2014 1148 2050 ²09·
1181 2004 1227 2039 de
1260 2005 1377 2039 tauris
1408 2005 1500 2041 Col-

802 2056 948 2093 chicis:

881 2114 1035 2150 Pectora
1047 2114 1105 2164 sic
1129 2115 1229 2151 intus
1258 2116 1400 2164 clausas·
1417 2117 1500 2154 vol·

1079 2175 1202 2207 ventia
1229 2174 1414 2218 flammas,

884 2227 1110 2276 Pectoraque
1134 2226 1215 2275 usta
1228 2230 1381 2278 sonant.

857 2289 921 2327 87.
955 2284 1033 2318 Nec
1063 2290 1110 2326 c.)
1154 2286 1200 2321 de
1237 2287 1406 2323 Cerbero
1436 2286 1494 2323 lo·

799 2338 958 2386 quitur,
998 2341 1109 2377 cuius
1140 2335 1264 2392 capita
1301 2342 1495 2391 anguibus

798 2393 973 2431 horrent.

855 2458 920 2498 39.
954 2450 1083 2500 Scylla
1104 2464 1227 2494 utero,
1259 2454 1302 2490 in
1322 2453 1495 2491 bellnam

794 2509 983 2544 marinam
1005 2521 1169 2545 exeunte
1190 2510 1340 2560 duplici
1360 2513 1493 2554 cauda,

792 2564 1026 2601 intertextos
1040 2565 1157 2602 habet
1180 2579 1290 2603 canes
1306 2568 1494 2603 marinos·

791 2630 830 2657 v.
862 2621 966 2657 Obff.

850 2687 915 2726 90.
947 2676 1051 2722 tulit)
1079 2690 1119 2714 n.
1143 2688 1275 2717 utero,
1305 2676 1490 2727 protulit,

900 2732 937 2769 O
1280 2735 1283 2738 ’
1350 2736 1495 2771 edidit.
