1752 2974
201 83 259 116 ιν
693 71 1152 117 PRAEFATIO.

205 180 460 238 inserenda,
510 187 582 229 hic
621 186 706 229 alia
747 203 802 229 ex
842 189 925 230 suis
964 187 1134 230 addidit
1172 187 1403 245 perutilia,
1460 190 1513 231 ad
1556 190 1633 232 has

208 289 313 332 opes
341 277 615 334 supplendas.
695 277 823 331 Quae
861 261 998 331 quum
1028 278 1140 319 mihi
1171 277 1316 319 oblata
1347 280 1500 330 effent,
1552 295 1633 336 ego

206 379 264 406 ne
295 366 541 408 desererem
578 366 856 425 provinciam
895 366 1138 424 susceptam
1174 383 1288 411 neve
1324 368 1509 411 deeffem
1540 370 1636 411 edi-

205 455 317 496 tioni
358 456 552 497 duorum
591 456 838 508 Virorum,
888 472 1079 512 quorum
1119 459 1229 500 alter
1270 467 1531 516 praeceptor
1562 459 1637 516 pie

205 545 508 599 venerandus,
539 547 650 589 alter
680 547 848 589 amicus
879 545 1020 588 fuiffet
1050 547 1443 598 coniunctiffimus,
1483 549 1639 605 rogavi

204 633 460 687 librarium,
509 643 557 677 ut
588 651 699 692 quae
728 637 783 678 ad
814 637 1046 679 Tibullum
1076 638 1325 694 augendum
1354 647 1637 695 pararentur,

205 724 321 781 typis
356 725 602 782 divulgare*
623 743 679 768 ne
714 730 948 770 recusaret.
1031 727 1272 770 Obsecutus
1302 730 1360 769 est
1391 730 1465 770 vir
1495 730 1640 770 hone-a

204 814 416 868 fliffimus‚
446 825 574 872 atque
597 817 657 859 ita
678 833 798 860 nunc
820 818 968 876 prodit
986 818 1071 859 hoc
1094 817 1485 876 Supplementum,
1517 819 1639 860 cuius

206 918 318 959 quae
346 907 393 949 fit
422 907 558 961 ratio,
590 909 679 950 iam
702 910 855 970 paucis
886 909 1135 951 dicendum.

322 996 530 1041 Continet
575 999 660 1041 hoc
706 999 1075 1058 Supplementum
1121 1000 1285 1056 partim
1327 998 1550 1042 Addenda
1598 1007 1641 1042 et

206 1086 482 1145 Corrigenda
510 1090 730 1132 Notitiam
760 1091 1022 1132 litterariam
1054 1090 1312 1147 spectantia,
1345 1091 1507 1148 partim
1532 1091 1640 1132 Col-

204 1172 403 1221 lationes.
472 1178 696 1222 Addenda
726 1188 768 1228 et
797 1181 1074 1236 Corrigenda
1106 1181 1217 1222 misit
1246 1181 1300 1222 ad
1328 1196 1406 1221 nos
1438 1180 1526 1221 Vir
1558 1181 1639 1222 do—

206 1268 413 1315 ctiffimus
454 1270 636 1312 Bardili.
718 1270 871 1324 Quum
912 1270 1033 1312 enim
1070 1269 1145 1311 hic
1174 1270 1245 1312 vir
1276 1270 1446 1312 Parifiis
1477 1271 1640 1312 biblio-

204 1358 356 1401 thecae
404 1359 608 1416 publicae
648 1360 873 1401 thesauros
910 1361 1291 1417 'spei-scrutaretur,
1350 1351 1640 1416 tenerentque

207 1463 307 1491 eum
339 1465 438 1491 cum
471 1450 555 1492 alia
584 1458 682 1492 tum
711 1450 938 1503 Tibullus,
984 1451 1203 1492 intellexit
1234 1450 1281 1491 in
1310 1449 1489 1492 historia
1521 1451 1640 1493 litte*

205 1540 325 1582 raria
343 1540 515 1582 Tibulli
545 1556 637 1583 non
667 1541 819 1582 omnia
845 1549 964 1583 recte
994 1541 1133 1591 tradi,
1165 1540 1250 1582 alia
1282 1542 1413 1599 plane
1443 1541 1641 1597 ignorari

205 1644 317 1685 quae
359 1631 607 1686 graviffima
646 1635 791 1674 essem.
848 1630 920 1674 Ac
949 1631 1148 1688 primum
1189 1631 1369 1687 quidem
1402 1632 1637 1688 perspexit,

205 1729 394 1777 quatuor
431 1722 645 1765 editiones
674 1722 898 1780 principes
930 1724 1011 1764 effe
1042 1722 1387 1779 distinguendas,
1448 1737 1640 1777 quarum

206 1812 312 1852 duas
343 1828 444 1854 aun.
478 1812 601 1869 1472.
632 1813 841 1871 prodiiffe
872 1821 1042 1854 certum
1071 1814 1153 1864 est3
1196 1813 1308 1854 duae
1342 1813 1519 1868 quando
1551 1813 1642 1854 im-

203 1906 371 1961 pressae
401 1904 503 1962 fint,
542 1904 815 1960 ignoramus.
885 1903 1014 1960 Quae
1054 1918 1124 1945 res
1169 1918 1309 1958 quum
1353 1904 1400 1944 fit
1443 1903 1639 1945 maxime

204 1994 431 2048 notabilis,
462 1992 713 2036 faciendum
745 1994 1022 2052 putavimus,
1052 2002 1100 2035 ut
1129 2009 1263 2050 quam
1296 1993 1528 2040 clarissime
1558 2008 1638 2035 ex*
1687 2044 1690 2045 ⁷

205 2092 472 2142 poneretur,
506 2085 932 2143 descriptionemque
962 2084 1125 2126 harum
1158 2083 1405 2126 editionum
1437 2084 1637 2126 dedimus

206 2184 477 2228 accuratam,
525 2192 582 2219 ne
617 2191 701 2232 qua
733 2178 867 2233 posset
896 2174 1091 2217 coniuslo
1124 2175 1249 2216 oriri.
1319 2175 1498 2216 Praeter
1530 2175 1637 2216 haec

206 2275 437 2311 notaverat
467 2266 527 2310 V.
561 2267 602 2310 d.
632 2267 802 2310 Bardili
833 2267 917 2308 alia
947 2282 1039 2308 non
1069 2266 1183 2307 levia
1214 2266 1267 2307 ad
1297 2265 1469 2322 Heynii
1500 2266 1636 2307 Noti-

206 2360 313 2404 tiam
343 2357 604 2400 litterariam
634 2357 706 2400 vel
735 2357 1058 2400 emendandam
1090 2357 1161 2399 vel
1192 2356 1506 2415 supplendam,
1553 2356 1635 2397 ad·-

207 2442 500 2505 iuimeiaulue
528 2448 702 2490 Codicis
724 2448 967 2490 Parifienfis
998 2448 1339 2506 descriptionem
1368 2445 1485 2499 eius,
1515 2445 1637 2487 cuius

207 2539 353 2585 varias
388 2539 598 2584 lectiones
628 2538 747 2585 infra
782 2539 964 2584 videbis.
1031 2539 1128 2581 Nos
1167 2546 1209 2581 et
1237 2538 1345 2581 haec
1373 2537 1522 2585 omnia
1551 2537 1637 2578 hoc

1485 2627 1636 2672 libello
