1752 2974
394 80 471 117 ET
511 81 879 120 EDITIONVM
917 83 1278 122 PRINCIPVM.
1500 98 1555 138 29

250 199 317 242 4ι.
352 194 477 244 pqffit
504 191 680 242 crimen]
737 193 835 231 Alio
866 193 1012 233 ordine
1042 193 1140 233 edit.
1173 209 1234 247 pr.
1269 195 1368 233 min.
1401 202 1554 237 crimen

129 250 270 299 pfft.
328 250 438 286 Edit.
469 263 529 301 pr.
560 249 654 286 mai.
688 253 840 287 crimen
865 254 1004 299 pcffit.

250 314 316 353 42.
356 309 442 343 Stet
467 306 616 355 procul
640 314 753 352 ante,
786 305 901 357 alia]
963 307 1061 345 Cod.
1079 311 1163 355 stet
1184 306 1337 358 pracial
1361 319 1432 347 aab
1451 313 1551 349 alla.

136 361 248 398 Edit.
284 374 344 412 pr.
372 361 468 399 mai.
499 357 588 412 post
610 364 761 411 procul
786 363 909 417 ponit
939 366 1086 407 colon3
1140 365 1276 402 minor
1303 364 1472 420 virgula
1493 367 1553 404 di-

134 415 318 471 [tinguit.

248 480 314 522 45.
347 472 482 523 motu]
544 472 642 511 Cod.
674 483 794 514 mota,

246 531 315 577 46.
365 543 444 566 non
486 530 652 580 amens]
723 532 772 569 In
813 531 1007 571 omnibus
1042 531 1177 571 tribus
1217 548 1298 572 non
1327 543 1365 573 et
1395 548 1554 576 amans.

132 585 213 624 Per
236 598 414 624 errorem
449 585 704 640 typographi
733 588 890 626 factum
915 588 994 636 est,
1026 598 1074 627 ut
1103 588 1145 628 in
1167 588 1390 630 observatt.
1412 594 1554 631 Wun.

87 641 89 643 ’
131 640 307 679 derlich.
337 640 512 679 editioni
548 656 609 693 pr.
642 643 736 682 mai.
779 654 959 697 utraque
990 644 1118 683 lectio
1159 660 1240 683 non
1269 656 1306 684 et·
1337 662 1481 688 anzans
1509 660 1552 689 et

130 711 210 736 non
239 708 275 736 et
305 712 441 735 amens
470 696 782 739 adscriberetur.
821 722 878 730 —
932 702 1013 739 Pro
1039 701 1205 740 verbera
1233 703 1331 741 edit.
1363 720 1426 758 pr.
1450 706 1550 744 min⁴

129 754 296 793 verbere.

243 820 310 858 47.
340 809 543 860 violenta]
604 811 703 850 cod.
728 826 822 850 cum
844 813 941 852 edit.
962 814 1059 856 mai.
1079 817 1245 855 violata,
1274 837 1331 847 —-
1371 816 1444 857 Vs.
1463 816 1548 872 seq.

129 869 271 908 Codex
301 867 429 906 habet
444 869 648 919 sanguine
677 878 725 906 el.

241 932 308 971 52.
342 925 550 974 clz'cllecjffe]
611 925 720 962 Edit.
748 939 808 978 pr.
833 926 929 964 mai.
958 927 1093 966 decidi
1124 944 1157 966 e.

241 988 309 1028 53.
341 984 570 1031 Alligeris]
632 981 788 1020 Omnes
821 993 904 1022 tres
927 987 1128 1034 attigerit.

241 1046 309 1088 54.
344 1048 388 1076 ιιι
413 1039 504 1082 hic]
563 1038 675 1076 Edit.
707 1052 766 1090 pr.
798 1040 893 1078 mai.
921 1051 966 1079 ut
988 1041 1097 1079 ltine.

240 1103 310 1141 55.
353 1096 464 1133 Edit.
494 1109 553 1147 pr.
589 1095 689 1132 min.
720 1109 796 1147 pro
823 1099 953 1149 nescio
984 1100 1093 1136 male
1121 1097 1273 1149 ταφείη
1312 1106 1361 1136 ut
1390 1112 1451 1139 vs.
1479 1099 1546 1140 60.
1607 1143 1609 1145 ,

131 1149 253 1189 etiam
283 1166 429 1188 mallus
458 1164 533 1203 pro
567 1165 720 1188 manus.

242 1207 306 1244 66,
342 1207 552 1258 Quidquid
567 1206 685 1257 agat]
746 1207 845 1246 Cod.
873 1221 966 1245 cum
992 1209 1089 1247 edit.
1115 1209 1209 1247 mai.
1234 1212 1429 1262 quicquid
1443 1217 1545 1262 agit.

128 1284 182 1292 —
238 1264 320 1302 Pro
343 1265 417 1302 z‘lla
444 1262 540 1302 edit.
567 1264 665 1301 min.
690 1263 778 1310 ille,
812 1273 853 1302 et
873 1278 950 1317 pro
971 1273 1064 1303 tuus
1083 1267 1182 1304 Cod.
1204 1281 1327 1305 meu-9.

239 1322 304 1367 67.
341 1325 473 1368 vitta]
532 1322 631 1359 eod.
664 1323 785 1358 vic-ta.
828 1342 881 1348 -
938 1321 1052 1359 Idem
1088 1336 1148 1361 vs.
1186 1333 1252 1370 70.
1280 1325 1437 1374 poffum
1458 1339 1547 1377 ego,

127 1379 236 1427 quin.
295 1377 406 1416 Edit.
439 1377 534 1415 mai.
564 1385 703 1415 autem
733 1378 888 1427 poffum
917 1380 1038 1428 quin,
1080 1392 1188 1432 quae
1222 1378 1347 1419 etiam
1380 1394 1443 1420 vs.
1477 1385 1544 1433 69.

117 1435 215 1485 sunt
242 1434 439 1487 praefert.

242 1501 308 1538 71.
341 1493 452 1538 Etsi
479 1519 487 1529 .
510 1519 520 1529 .
544 1519 552 1529 .
576 1520 585 1529 .
615 1499 759 1540 puter,
791 1488 1027 1540 ducarque]
1060 1491 1159 1529 Cod.
1186 1493 1259 1538 effi
1288 1521 1297 1531 .
1320 1519 1329 1529 .
1352 1523 1361 1531 .
1385 1522 1394 1532 .
1421 1503 1548 1544 putat

126 1547 340 1600 dacosque.
401 1547 512 1586 Edit.
534 1547 629 1585 mai.
654 1548 744 1592 etst
770 1575 778 1582 .
803 1573 812 1581 .
835 1573 843 1581 .
866 1575 874 1584 .
897 1555 1040 1595 putat.-
1070 1548 1282 1600 ducorque.
1341 1550 1546 1605 Denique

129 1603 226 1642 edit.
251 1604 349 1642 min.
370 1606 442 1651 etjsi
472 1631 482 1641 .
508 1630 517 1640 .
540 1633 548 1641 .
571 1632 579 1640 .
607 1612 752 1652 putat,
786 1603 998 1653 ducatque.

241 1669 310 1705 72.
335 1675 490 1712 pronas
502 1663 786 1710 proripiarque
806 1656 925 1710 vias]
985 1660 1083 1697 Cod.
1099 1665 1296 1710 proprias
1310 1667 1546 1714 prorc'pior-

127 1731 202 1769 que
230 1720 333 1756 vias.
393 1717 507 1756 Edit.
537 1731 598 1768 pr.
630 1716 724 1755 mai.
757 1720 951 1768 proprias
975 1719 1240 1770 poripiarque
1267 1723 1369 1758 vias.
1430 1722 1543 1764 Edit.

127 1774 224 1812 min.
243 1775 410 1814 tandem
421 1776 617 1824 proprias
631 1776 919 1825 proripiatque
936 1777 1039 1812 νίαε.

241 1841 310 1878 77.
351 1831 475 1878 nulli,
507 1835 621 1882 post,
659 1828 798 1884 vieta]
872 1830 985 1870 Edit.
1023 1845 1085 1884 pr.
1120 1830 1214 1869 mai.
1246 1834 1371 1872 nulli.-
1414 1840 1545 1887 potest

126 1898 249 1929 vecta.

242 1955 310 1995 79.
344 1939 468 1994 licia]
523 1943 715 1997 Utraque
747 1943 845 1983 edit.
873 1941 1017 1982 scribit
1046 1945 1150 1983 litia.

240 2009 309 2048 33.
346 2000 540 2052 Olympo]
602 2002 701 2039 Cod.
725 2010 765 2039 et
789 1999 887 2039 edit.
918 2014 980 2053 pr.
1008 2001 1103 2038 mai.
1139 2001 1311 2052 Olimpo.
1372 2047 1376 2049 λ

241 2064 308 2107 84.
342 2058 568 2109 quamsit]
627 2057 726 2096 Cod.
754 2071 847 2096 cum
870 2057 968 2096 edit.
990 2071 1051 2110 pr.
1073 2057 1172 2096 min.
1202 2059 1407 2110 quodfit,
1446 2060 1544 2100 edit.

127 2116 223 2155 mai.
258 2128 360 2167 quae
381 2118 450 2162 sit.

242 2172 310 2219 36.
344 2169 522 2224 stemus]
582 2170 634 2210 In
663 2169 855 2209 omnibus
885 2169 1018 2210 tribus
1038 2172 1183 2217 fimus,

511 2297 938 2342 ELEGIA
1009 2295 1155 2340 VII.

243 2397 354 2437 Edit.
386 2409 448 2451 pr.
477 2396 608 2436 maior
636 2395 746 2436 hanc
778 2395 905 2436 habet
929 2395 1265 2450 inscriptionem:
1300 2399 1545 2439 Gratulatur

134 2457 291 2502 mqffale
320 2456 367 2494 de
396 2457 566 2492 victoria
597 2463 736 2492 eontra
765 2456 995 2505 Aquitanos
1026 2468 1053 2491 a
1070 2455 1117 2505 se
1135 2462 1275 2502 parta.

245 2526 280 2551 ι.
320 2515 447 2550 Hunc
475 2533 529 2542 —-
559 2510 697 2566 diem]
770 2512 869 2551 Cod.
902 2511 1009 2551 lzane
1037 2531 1091 2541 --
1121 2511 1251 2556 diem,
1304 2510 1402 2550 edit.
1441 2512 1542 2554 min.

103 2611 108 2616 ,
128 2583 206 2608 unc
231 2591 288 2601 —-
314 2571 434 2610 diem.

1348 2631 1385 2671 3.
1414 2625 1542 2664 Hunc
