<?xml version="1.0" encoding="UTF-8"?>
<!DOCTYPE html PUBLIC "-//W3C//DTD XHTML 1.0 Transitional//EN"
    "http://www.w3.org/TR/xhtml1/DTD/xhtml1-transitional.dtd">
<html xmlns="http://www.w3.org/1999/xhtml" xml:lang="en" lang="en">
 <head>
  <title>
</title>
<meta http-equiv="Content-Type" content="text/html;charset=utf-8" />
  <meta name='ocr-system' content='tesseract 3.04.00' />
  <meta name='ocr-capabilities' content='ocr_page ocr_carea ocr_par ocr_line ocrx_word'/>
</head>
<body>
  <div class='ocr_page' id='page_1' title='image "albiitibullicarm01tibuuoft_0125.png"; bbox 0 0 1752 2974; ppageno 0'>
   <div class='ocr_carea' id='block_1_1' title="bbox 506 115 1523 157">
    <p class='ocr_par' dir='ltr' id='par_1_1' title="bbox 506 115 1523 157">
     <span class='ocr_line' id='line_1_1' title="bbox 506 115 1523 157; baseline 0 0"><span class='ocrx_word' id='word_1_1' title='bbox 506 116 636 157; x_wconf 90' lang='lat' dir='ltr'>LIB.</span> <span class='ocrx_word' id='word_1_2' title='bbox 667 116 702 156; x_wconf 90' lang='lat' dir='ltr'>I.</span> <span class='ocrx_word' id='word_1_3' title='bbox 764 116 964 155; x_wconf 87' lang='lat' dir='ltr'>ELEG.</span> <span class='ocrx_word' id='word_1_4' title='bbox 995 115 1092 156; x_wconf 89' lang='lat' dir='ltr'>III.</span> <span class='ocrx_word' id='word_1_5' title='bbox 1469 115 1523 157; x_wconf 79' lang='lat'>51</span> 
     </span>
    </p>
   </div>
   <div class='ocr_carea' id='block_1_2' title="bbox 78 231 1524 301">
    <p class='ocr_par' dir='ltr' id='par_1_2' title="bbox 78 231 1524 301">
     <span class='ocr_line' id='line_1_2' title="bbox 78 231 1524 301; baseline -0.008 -15"><span class='ocrx_word' id='word_1_6' title='bbox 78 237 282 287; x_wconf 85' lang='lat' dir='ltr'>Cuncta</span> <span class='ocrx_word' id='word_1_7' title='bbox 311 234 503 285; x_wconf 83' lang='lat' dir='ltr'>dabant</span> <span class='ocrx_word' id='word_1_8' title='bbox 531 232 761 301; x_wconf 76' lang='lat' dir='ltr'>reditus3</span> <span class='ocrx_word' id='word_1_9' title='bbox 806 243 979 286; x_wconf 82' lang='lat' dir='ltr'>tamen</span> <span class='ocrx_word' id='word_1_10' title='bbox 1012 231 1085 281; x_wconf 78' lang='lat' dir='ltr'>est</span> <span class='ocrx_word' id='word_1_11' title='bbox 1119 231 1365 282; x_wconf 84' lang='lat' dir='ltr'>deterrita</span> <span class='ocrx_word' id='word_1_12' title='bbox 1382 250 1524 283; x_wconf 84' lang='lat' dir='ltr'>nun..</span> 
     </span>
    </p>
   </div>
   <div class='ocr_carea' id='block_1_3' title="bbox 991 337 1167 386">
    <p class='ocr_par' dir='ltr' id='par_1_3' title="bbox 991 337 1167 386">
     <span class='ocr_line' id='line_1_3' title="bbox 991 337 1167 386; baseline -0.011 -17"><span class='ocrx_word' id='word_1_13' title='bbox 991 337 1167 386; x_wconf 86' lang='lat' dir='ltr'>quam,</span> 
     </span>
    </p>
   </div>
   <div class='ocr_carea' id='block_1_4' title="bbox 155 407 1311 480">
    <p class='ocr_par' dir='ltr' id='par_1_4' title="bbox 155 407 1311 480">
     <span class='ocr_line' id='line_1_4' title="bbox 155 407 1311 480; baseline -0.002 -20"><span class='ocrx_word' id='word_1_14' title='bbox 155 414 298 480; x_wconf 81' lang='lat' dir='ltr'>Quin</span> <span class='ocrx_word' id='word_1_15' title='bbox 329 409 503 468; x_wconf 84' lang='lat' dir='ltr'>fleret,</span> <span class='ocrx_word' id='word_1_16' title='bbox 545 407 745 458; x_wconf 80' lang='lat' dir='ltr'>nostras</span> <span class='ocrx_word' id='word_1_17' title='bbox 770 409 1153 475; x_wconf 81' lang='lat' dir='ltr'>respiceretque</span> <span class='ocrx_word' id='word_1_18' title='bbox 1179 409 1311 458; x_wconf 77' lang='lat' dir='ltr'>vias-</span> 
     </span>
    </p>
   </div>
   <div class='ocr_carea' id='block_1_5' title="bbox 48 580 766 2528">
    <p class='ocr_par' dir='ltr' id='par_1_5' title="bbox 52 580 766 906">
     <span class='ocr_line' id='line_1_5' title="bbox 52 580 766 632; baseline -0.003 -13"><span class='ocrx_word' id='word_1_19' title='bbox 52 587 224 620; x_wconf 76' lang='lat' dir='ltr'>.m1&#39;ctens</span> <span class='ocrx_word' id='word_1_20' title='bbox 255 580 495 632; x_wconf 79' lang='lat' dir='ltr'>(Berenice)</span> <span class='ocrx_word' id='word_1_21' title='bbox 534 597 627 631; x_wconf 76' lang='lat' dir='ltr'>quae</span> <span class='ocrx_word' id='word_1_22' title='bbox 654 584 766 620; x_wconf 81' lang='lat' dir='ltr'>verba</span> 
     </span>
     <span class='ocr_line' id='line_1_6' title="bbox 72 638 762 681; baseline 0 -6"><span class='ocrx_word' id='word_1_23' title='bbox 72 642 193 675; x_wconf 72' lang='lat' dir='ltr'>locuta</span> <span class='ocrx_word' id='word_1_24' title='bbox 223 642 289 675; x_wconf 80' lang='lat' dir='ltr'>es?</span> <span class='ocrx_word' id='word_1_25' title='bbox 319 641 369 673; x_wconf 74' lang='lat' dir='ltr'>Et</span> <span class='ocrx_word' id='word_1_26' title='bbox 397 638 481 673; x_wconf 78' lang='lat' dir='ltr'>loca</span> <span class='ocrx_word' id='word_1_27' title='bbox 513 651 549 676; x_wconf 88' lang='lat' dir='ltr'>et</span> <span class='ocrx_word' id='word_1_28' title='bbox 572 639 762 681; x_wconf 79' lang='lat' dir='ltr'>homines,</span> 
     </span>
     <span class='ocr_line' id='line_1_7' title="bbox 69 694 761 744; baseline 0 -14"><span class='ocrx_word' id='word_1_29' title='bbox 69 710 88 730; x_wconf 76' lang='lat' dir='ltr'>a</span> <span class='ocrx_word' id='word_1_30' title='bbox 112 696 254 743; x_wconf 83' lang='lat' dir='ltr'>quibus</span> <span class='ocrx_word' id='word_1_31' title='bbox 281 694 514 731; x_wconf 78' lang='lat' dir='ltr'>discedimus</span> <span class='ocrx_word' id='word_1_32' title='bbox 530 724 540 737; x_wconf 84' lang='lat'>,</span> <span class='ocrx_word' id='word_1_33' title='bbox 568 697 669 744; x_wconf 78' lang='lat' dir='ltr'>apud</span> <span class='ocrx_word' id='word_1_34' title='bbox 689 698 761 731; x_wconf 72' lang='lat' dir='ltr'>La-</span> 
     </span>
     <span class='ocr_line' id='line_1_8' title="bbox 71 752 760 800; baseline -0.001 -13"><span class='ocrx_word' id='word_1_35' title='bbox 71 753 174 787; x_wconf 88' lang='lat' dir='ltr'>tinos</span> <span class='ocrx_word' id='word_1_36' title='bbox 194 763 264 787; x_wconf 82' lang='lat' dir='ltr'>nos</span> <span class='ocrx_word' id='word_1_37' title='bbox 283 753 426 785; x_wconf 69' lang='lat' dir='ltr'>mittere</span> <span class='ocrx_word' id='word_1_38' title='bbox 439 752 633 793; x_wconf 87' lang='lat' dir='ltr'>dicuntur,</span> <span class='ocrx_word' id='word_1_39' title='bbox 658 753 760 800; x_wconf 76' lang='lat' dir='ltr'>apud</span> 
     </span>
     <span class='ocr_line' id='line_1_9' title="bbox 70 807 760 857; baseline -0.003 -13"><span class='ocrx_word' id='word_1_40' title='bbox 70 808 240 844; x_wconf 79' lang='lat' dir='ltr'>Graecos</span> <span class='ocrx_word' id='word_1_41' title='bbox 268 807 433 853; x_wconf 73' lang='grc' dir='ltr'>πέμπειν.</span> <span class='ocrx_word' id='word_1_42' title='bbox 475 808 594 857; x_wconf 82' lang='lat' dir='ltr'>Soph.</span> <span class='ocrx_word' id='word_1_43' title='bbox 625 809 760 857; x_wconf 79' lang='lat' dir='ltr'>Antig.</span> 
     </span>
     <span class='ocr_line' id='line_1_10' title="bbox 73 867 287 906; baseline 0.009 -7"><span class='ocrx_word' id='word_1_44' title='bbox 73 872 195 906; x_wconf 79' lang='lat'>1135.</span> <span class='ocrx_word' id='word_1_45' title='bbox 222 867 287 901; x_wconf 83' lang='lat' dir='ltr'>W.</span> 
     </span>
    </p>

    <p class='ocr_par' dir='ltr' id='par_1_6' title="bbox 48 920 761 2240">
     <span class='ocr_line' id='line_1_11' title="bbox 127 920 758 961; baseline 0.006 -9"><span class='ocrx_word' id='word_1_46' title='bbox 127 932 190 953; x_wconf 81' lang='grc' dir='ltr'>ιι.</span> <span class='ocrx_word' id='word_1_47' title='bbox 216 930 277 956; x_wconf 76' lang='lat'>12.</span> <span class='ocrx_word' id='word_1_48' title='bbox 310 921 379 956; x_wconf 86' lang='lat' dir='ltr'>Uti</span> <span class='ocrx_word' id='word_1_49' title='bbox 398 921 438 954; x_wconf 87' lang='lat' dir='ltr'>in</span> <span class='ocrx_word' id='word_1_50' title='bbox 461 921 575 956; x_wconf 89' lang='lat' dir='ltr'>Circo</span> <span class='ocrx_word' id='word_1_51' title='bbox 596 933 637 955; x_wconf 83' lang='lat' dir='ltr'>ac</span> <span class='ocrx_word' id='word_1_52' title='bbox 657 920 758 961; x_wconf 83' lang='lat' dir='ltr'>foro,</span> 
     </span>
     <span class='ocr_line' id='line_1_12' title="bbox 67 975 761 1022; baseline 0.001 -12"><span class='ocrx_word' id='word_1_53' title='bbox 67 977 115 1010; x_wconf 74' lang='lat' dir='ltr'>stc</span> <span class='ocrx_word' id='word_1_54' title='bbox 141 975 273 1022; x_wconf 83' lang='lat' dir='ltr'>pafflm</span> <span class='ocrx_word' id='word_1_55' title='bbox 306 978 347 1011; x_wconf 90' lang='lat' dir='ltr'>in</span> <span class='ocrx_word' id='word_1_56' title='bbox 368 978 444 1012; x_wconf 75' lang='lat' dir='ltr'>viis</span> <span class='ocrx_word' id='word_1_57' title='bbox 465 975 592 1010; x_wconf 76' lang='lat' dir='ltr'>sedisse</span> <span class='ocrx_word' id='word_1_58' title='bbox 614 976 679 1010; x_wconf 88' lang='lat' dir='ltr'>vel</span> <span class='ocrx_word' id='word_1_59' title='bbox 699 977 761 1011; x_wconf 79' lang='lat' dir='ltr'>ad-</span> 
     </span>
     <span class='ocr_line' id='line_1_13' title="bbox 65 1030 759 1079; baseline -0.001 -13"><span class='ocrx_word' id='word_1_60' title='bbox 65 1031 190 1066; x_wconf 81' lang='lat' dir='ltr'>stitiffe</span> <span class='ocrx_word' id='word_1_61' title='bbox 224 1033 408 1067; x_wconf 78' lang='lat' dir='ltr'>videntur</span> <span class='ocrx_word' id='word_1_62' title='bbox 434 1032 549 1079; x_wconf 84' lang='lat' dir='ltr'>pueri</span> <span class='ocrx_word' id='word_1_63' title='bbox 570 1030 759 1079; x_wconf 80' lang='lat' dir='ltr'>sortilegi,</span> 
     </span>
     <span class='ocr_line' id='line_1_14' title="bbox 66 1086 756 1136; baseline 0 -15"><span class='ocrx_word' id='word_1_64' title='bbox 66 1087 136 1136; x_wconf 84' lang='lat' dir='ltr'>qui</span> <span class='ocrx_word' id='word_1_65' title='bbox 192 1098 475 1135; x_wconf 83' lang='lat' dir='ltr'>praetereuntes</span> <span class='ocrx_word' id='word_1_66' title='bbox 531 1086 756 1127; x_wconf 79' lang='lat' dir='ltr'>invitarent,</span> 
     </span>
     <span class='ocr_line' id='line_1_15' title="bbox 65 1144 756 1191; baseline -0.003 -13"><span class='ocrx_word' id='word_1_67' title='bbox 65 1154 110 1179; x_wconf 89' lang='lat' dir='ltr'>ut</span> <span class='ocrx_word' id='word_1_68' title='bbox 140 1144 255 1178; x_wconf 88' lang='lat' dir='ltr'>sortes</span> <span class='ocrx_word' id='word_1_69' title='bbox 286 1144 567 1191; x_wconf 79' lang='lat' dir='ltr'>experirentur.</span> <span class='ocrx_word' id='word_1_70' title='bbox 627 1144 756 1177; x_wconf 84' lang='lat' dir='ltr'>Incre-</span> 
     </span>
     <span class='ocr_line' id='line_1_16' title="bbox 65 1197 753 1246; baseline 0.001 -13"><span class='ocrx_word' id='word_1_71' title='bbox 65 1198 187 1233; x_wconf 83' lang='lat' dir='ltr'>dibile</span> <span class='ocrx_word' id='word_1_72' title='bbox 238 1199 307 1238; x_wconf 79' lang='lat' dir='ltr'>est,</span> <span class='ocrx_word' id='word_1_73' title='bbox 359 1212 474 1246; x_wconf 80' lang='lat' dir='ltr'>quam</span> <span class='ocrx_word' id='word_1_74' title='bbox 516 1197 591 1233; x_wconf 80' lang='lat' dir='ltr'>late</span> <span class='ocrx_word' id='word_1_75' title='bbox 631 1197 753 1234; x_wconf 77' lang='lat' dir='ltr'>huius</span> 
     </span>
     <span class='ocr_line' id='line_1_17' title="bbox 65 1253 753 1302; baseline -0.003 -12"><span class='ocrx_word' id='word_1_76' title='bbox 65 1253 359 1302; x_wconf 78' lang='lat' dir='ltr'>superstitionis,</span> <span class='ocrx_word' id='word_1_77' title='bbox 393 1268 467 1302; x_wconf 75' lang='lat' dir='ltr'>qua</span> <span class='ocrx_word' id='word_1_78' title='bbox 497 1255 626 1290; x_wconf 72' lang='lat' dir='ltr'>futura</span> <span class='ocrx_word' id='word_1_79' title='bbox 648 1267 753 1289; x_wconf 88' lang='lat' dir='ltr'>com-</span> 
     </span>
     <span class='ocr_line' id='line_1_18' title="bbox 60 1310 754 1359; baseline 0 -14"><span class='ocrx_word' id='word_1_80' title='bbox 60 1310 183 1359; x_wconf 83' lang='lat' dir='ltr'>periri</span> <span class='ocrx_word' id='word_1_81' title='bbox 226 1311 458 1350; x_wconf 78' lang='lat' dir='ltr'>creduntur,</span> <span class='ocrx_word' id='word_1_82' title='bbox 521 1324 643 1357; x_wconf 83' lang='lat' dir='ltr'>genus</span> <span class='ocrx_word' id='word_1_83' title='bbox 686 1310 754 1345; x_wconf 71' lang='lat' dir='ltr'>illa</span> 
     </span>
     <span class='ocr_line' id='line_1_19' title="bbox 61 1367 753 1414; baseline -0.001 -13"><span class='ocrx_word' id='word_1_84' title='bbox 61 1377 179 1402; x_wconf 81' lang='lat' dir='ltr'>aetate</span> <span class='ocrx_word' id='word_1_85' title='bbox 214 1367 394 1414; x_wconf 69' lang='lat' dir='ltr'>patuerit.</span> <span class='ocrx_word' id='word_1_86' title='bbox 462 1367 578 1401; x_wconf 79' lang='lat' dir='ltr'>Delia</span> <span class='ocrx_word' id='word_1_87' title='bbox 618 1367 753 1414; x_wconf 84' lang='lat' dir='ltr'>igitur,</span> 
     </span>
     <span class='ocr_line' id='line_1_20' title="bbox 61 1421 756 1458; baseline -0.001 -1"><span class='ocrx_word' id='word_1_88' title='bbox 61 1433 105 1458; x_wconf 88' lang='lat' dir='ltr'>ut</span> <span class='ocrx_word' id='word_1_89' title='bbox 136 1422 181 1456; x_wconf 88' lang='lat' dir='ltr'>de</span> <span class='ocrx_word' id='word_1_90' title='bbox 212 1423 319 1457; x_wconf 83' lang='lat' dir='ltr'>exitu</span> <span class='ocrx_word' id='word_1_91' title='bbox 349 1423 502 1457; x_wconf 77' lang='lat' dir='ltr'>itineris</span> <span class='ocrx_word' id='word_1_92' title='bbox 525 1421 678 1457; x_wconf 79' lang='lat' dir='ltr'>Tibulli</span> <span class='ocrx_word' id='word_1_93' title='bbox 700 1423 756 1456; x_wconf 84' lang='lat' dir='ltr'>sui</span> 
     </span>
     <span class='ocr_line' id='line_1_21' title="bbox 60 1478 755 1518; baseline -0.003 -4"><span class='ocrx_word' id='word_1_94' title='bbox 60 1478 332 1518; x_wconf 79' lang='lat' dir='ltr'>sciscitaretur,</span> <span class='ocrx_word' id='word_1_95' title='bbox 392 1478 508 1513; x_wconf 84' lang='lat' dir='ltr'>sortes</span> <span class='ocrx_word' id='word_1_96' title='bbox 558 1478 755 1512; x_wconf 80' lang='lat' dir='ltr'>eiusmodi</span> 
     </span>
     <span class='ocr_line' id='line_1_22' title="bbox 58 1530 754 1583; baseline 0 -15"><span class='ocrx_word' id='word_1_97' title='bbox 58 1534 171 1583; x_wconf 86' lang='lat' dir='ltr'>pueri</span> <span class='ocrx_word' id='word_1_98' title='bbox 192 1530 354 1581; x_wconf 69' lang='lat' dir='ltr'>sustulit.</span> <span class='ocrx_word' id='word_1_99' title='bbox 423 1534 525 1568; x_wconf 74' lang='lat' dir='ltr'>Nam</span> <span class='ocrx_word' id='word_1_100' title='bbox 557 1532 633 1568; x_wconf 89' lang='lat' dir='ltr'>hoc</span> <span class='ocrx_word' id='word_1_101' title='bbox 665 1546 754 1569; x_wconf 83' lang='lat' dir='ltr'>voc.</span> 
     </span>
     <span class='ocr_line' id='line_1_23' title="bbox 60 1589 749 1634; baseline 0 -11"><span class='ocrx_word' id='word_1_102' title='bbox 60 1589 241 1624; x_wconf 83' lang='lat' dir='ltr'>sollenne.</span> <span class='ocrx_word' id='word_1_103' title='bbox 288 1590 368 1624; x_wconf 79' lang='lat' dir='ltr'>Cic.</span> <span class='ocrx_word' id='word_1_104' title='bbox 407 1589 453 1624; x_wconf 89' lang='lat' dir='ltr'>de</span> <span class='ocrx_word' id='word_1_105' title='bbox 480 1589 576 1624; x_wconf 84' lang='lat' dir='ltr'>Div.</span> <span class='ocrx_word' id='word_1_106' title='bbox 599 1590 659 1629; x_wconf 88' lang='grc' dir='ltr'>ΙΙ,</span> <span class='ocrx_word' id='word_1_107' title='bbox 683 1595 749 1634; x_wconf 76' lang='grc'>41.</span> 
     </span>
     <span class='ocr_line' id='line_1_24' title="bbox 59 1643 750 1693; baseline -0.003 -12"><span class='ocrx_word' id='word_1_108' title='bbox 59 1659 172 1693; x_wconf 81' lang='lat' dir='ltr'>eaque</span> <span class='ocrx_word' id='word_1_109' title='bbox 193 1645 306 1691; x_wconf 79' lang='lat' dir='ltr'>(arca</span> <span class='ocrx_word' id='word_1_110' title='bbox 335 1645 436 1692; x_wconf 71' lang='lat' dir='ltr'>apud</span> <span class='ocrx_word' id='word_1_111' title='bbox 460 1643 750 1687; x_wconf 76' lang='lat' dir='ltr'>Praenestinos)</span> 
     </span>
     <span class='ocr_line' id='line_1_25' title="bbox 58 1700 747 1748; baseline -0.001 -13"><span class='ocrx_word' id='word_1_112' title='bbox 58 1701 224 1736; x_wconf 75' lang='lat' dir='ltr'>conditas</span> <span class='ocrx_word' id='word_1_113' title='bbox 275 1700 426 1748; x_wconf 68' lang='lat' dir='ltr'>sortes,</span> <span class='ocrx_word' id='word_1_114' title='bbox 633 1701 747 1736; x_wconf 73' lang='lat' dir='ltr'>hodie</span> 
     </span>
     <span class='ocr_line' id='line_1_26' title="bbox 58 1758 748 1792; baseline -0.001 0"><span class='ocrx_word' id='word_1_115' title='bbox 58 1759 242 1792; x_wconf 71' lang='lat' dir='ltr'>Fortunae</span> <span class='ocrx_word' id='word_1_116' title='bbox 271 1759 415 1791; x_wconf 74' lang='lat' dir='ltr'>monitu</span> <span class='ocrx_word' id='word_1_117' title='bbox 447 1758 639 1792; x_wconf 68' lang='lat' dir='ltr'>tolluntur.</span> <span class='ocrx_word' id='word_1_118' title='bbox 695 1759 748 1791; x_wconf 73' lang='lat' dir='ltr'>Et</span> 
     </span>
     <span class='ocr_line' id='line_1_27' title="bbox 58 1812 748 1862; baseline -0.001 -14"><span class='ocrx_word' id='word_1_119' title='bbox 58 1814 234 1848; x_wconf 79' lang='lat' dir='ltr'>Marmor</span> <span class='ocrx_word' id='word_1_120' title='bbox 291 1812 578 1848; x_wconf 71' lang='lat' dir='ltr'>mediolanense</span> <span class='ocrx_word' id='word_1_121' title='bbox 643 1813 748 1862; x_wconf 72' lang='lat' dir='ltr'>apud</span> 
     </span>
     <span class='ocr_line' id='line_1_28' title="bbox 57 1868 748 1918; baseline 0 -14"><span class='ocrx_word' id='word_1_122' title='bbox 57 1870 210 1904; x_wconf 82' lang='lat' dir='ltr'>Gruter.</span> <span class='ocrx_word' id='word_1_123' title='bbox 272 1869 457 1906; x_wconf 79' lang='lat' dir='ltr'><strong>CXXXII</strong></span> <span class='ocrx_word' id='word_1_124' title='bbox 475 1895 484 1909; x_wconf 86' lang='lat'>,</span> <span class='ocrx_word' id='word_1_125' title='bbox 542 1869 580 1904; x_wconf 85' lang='lat'>6.</span> <span class='ocrx_word' id='word_1_126' title='bbox 637 1868 748 1918; x_wconf 76' lang='lat' dir='ltr'>sacro</span> 
     </span>
     <span class='ocr_line' id='line_1_29' title="bbox 48 1924 749 1974; baseline 0.003 -16"><span class='ocrx_word' id='word_1_127' title='bbox 48 1924 231 1974; x_wconf 75' lang='lat' dir='ltr'>suscepto,</span> <span class='ocrx_word' id='word_1_128' title='bbox 247 1924 411 1974; x_wconf 78' lang='lat' dir='ltr'>sortibus</span> <span class='ocrx_word' id='word_1_129' title='bbox 428 1924 600 1973; x_wconf 74' lang='lat' dir='ltr'>sublatis.</span> <span class='ocrx_word' id='word_1_130' title='bbox 632 1926 749 1960; x_wconf 73' lang='lat' dir='ltr'>Pueii</span> 
     </span>
     <span class='ocr_line' id='line_1_30' title="bbox 54 1981 748 2028; baseline 0 -13"><span class='ocrx_word' id='word_1_131' title='bbox 54 1981 411 2028; x_wconf 80' lang='lat' dir='ltr'>interpretationem</span> <span class='ocrx_word' id='word_1_132' title='bbox 434 1981 601 2017; x_wconf 72' lang='lat' dir='ltr'>sublatae</span> <span class='ocrx_word' id='word_1_133' title='bbox 629 1995 647 2016; x_wconf 88' lang='lat' dir='ltr'>e</span> <span class='ocrx_word' id='word_1_134' title='bbox 669 1981 748 2016; x_wconf 89' lang='lat' dir='ltr'>solo</span> 
     </span>
     <span class='ocr_line' id='line_1_31' title="bbox 56 2035 746 2078; baseline 0.003 -8"><span class='ocrx_word' id='word_1_135' title='bbox 56 2035 119 2070; x_wconf 88' lang='lat' dir='ltr'>vel</span> <span class='ocrx_word' id='word_1_136' title='bbox 148 2050 231 2072; x_wconf 79' lang='lat' dir='ltr'>area</span> <span class='ocrx_word' id='word_1_137' title='bbox 268 2037 380 2072; x_wconf 83' lang='lat' dir='ltr'>sortis</span> <span class='ocrx_word' id='word_1_138' title='bbox 413 2038 616 2078; x_wconf 79' lang='lat' dir='ltr'>acceffiffe,</span> <span class='ocrx_word' id='word_1_139' title='bbox 655 2038 746 2072; x_wconf 84' lang='lat' dir='ltr'>inde</span> 
     </span>
     <span class='ocr_line' id='line_1_32' title="bbox 54 2091 747 2143; baseline 0.003 -17"><span class='ocrx_word' id='word_1_140' title='bbox 54 2091 259 2139; x_wconf 77' lang='lat' dir='ltr'>probabile</span> <span class='ocrx_word' id='word_1_141' title='bbox 310 2092 374 2133; x_wconf 82' lang='lat' dir='ltr'>fit,</span> <span class='ocrx_word' id='word_1_142' title='bbox 433 2094 541 2141; x_wconf 89' lang='lat' dir='ltr'>quod</span> <span class='ocrx_word' id='word_1_143' title='bbox 587 2092 747 2143; x_wconf 76' lang='lat' dir='ltr'>retuhſje</span> 
     </span>
     <span class='ocr_line' id='line_1_33' title="bbox 55 2147 746 2185; baseline 0.007 -5"><span class='ocrx_word' id='word_1_144' title='bbox 55 2147 186 2182; x_wconf 79' lang='lat' dir='ltr'>Deliae</span> <span class='ocrx_word' id='word_1_145' title='bbox 219 2151 345 2183; x_wconf 78' lang='lat' dir='ltr'>omina</span> <span class='ocrx_word' id='word_1_146' title='bbox 373 2158 470 2183; x_wconf 77' lang='lat' dir='ltr'>certa</span> <span class='ocrx_word' id='word_1_147' title='bbox 500 2150 657 2185; x_wconf 73' lang='lat' dir='ltr'>dicitur.</span> <span class='ocrx_word' id='word_1_148' title='bbox 695 2151 746 2185; x_wconf 81' lang='lat' dir='ltr'>H·</span> 
     </span>
     <span class='ocr_line' id='line_1_34' title="bbox 54 2203 467 2240; baseline 0.005 -2"><span class='ocrx_word' id='word_1_149' title='bbox 54 2203 129 2239; x_wconf 81' lang='lat' dir='ltr'>Sed</span> <span class='ocrx_word' id='word_1_150' title='bbox 150 2204 242 2239; x_wconf 84' lang='lat' dir='ltr'>vide</span> <span class='ocrx_word' id='word_1_151' title='bbox 267 2203 370 2240; x_wconf 77' lang='lat' dir='ltr'>Obss&#39;.</span> <span class='ocrx_word' id='word_1_152' title='bbox 402 2207 467 2240; x_wconf 90' lang='lat' dir='ltr'>W.</span> 
     </span>
    </p>

    <p class='ocr_par' dir='ltr' id='par_1_7' title="bbox 51 2261 746 2476">
     <span class='ocr_line' id='line_1_35' title="bbox 116 2261 744 2304; baseline 0.002 -11"><span class='ocrx_word' id='word_1_153' title='bbox 116 2267 179 2301; x_wconf 80' lang='lat'>13.</span> <span class='ocrx_word' id='word_1_154' title='bbox 213 2261 353 2295; x_wconf 78' lang='lat' dir='ltr'>Cuncta</span> <span class='ocrx_word' id='word_1_155' title='bbox 392 2261 532 2296; x_wconf 67' lang='lat' dir='ltr'>dabant</span> <span class='ocrx_word' id='word_1_156' title='bbox 576 2262 744 2304; x_wconf 74' lang='lat' dir='ltr'>reditus)</span> 
     </span>
     <span class='ocr_line' id='line_1_36' title="bbox 51 2310 746 2364; baseline 0.004 -15"><span class='ocrx_word' id='word_1_157' title='bbox 51 2310 94 2349; x_wconf 78' lang='lat' dir='ltr'>h.</span> <span class='ocrx_word' id='word_1_158' title='bbox 123 2315 371 2363; x_wconf 79' lang='lat' dir='ltr'>spondebant.</span> <span class='ocrx_word' id='word_1_159' title='bbox 431 2319 549 2364; x_wconf 79' lang='lat' dir='ltr'>Saepe</span> <span class='ocrx_word' id='word_1_160' title='bbox 580 2318 669 2351; x_wconf 78' lang='lat' dir='ltr'>dare</span> <span class='ocrx_word' id='word_1_161' title='bbox 699 2317 746 2352; x_wconf 83' lang='lat' dir='ltr'>de</span> 
     </span>
     <span class='ocr_line' id='line_1_37' title="bbox 52 2370 744 2417; baseline 0.006 -13"><span class='ocrx_word' id='word_1_162' title='bbox 52 2370 317 2417; x_wconf 81' lang='lat' dir='ltr'>praedictione</span> <span class='ocrx_word' id='word_1_163' title='bbox 384 2373 522 2408; x_wconf 87' lang='lat' dir='ltr'>futuri.</span> <span class='ocrx_word' id='word_1_164' title='bbox 610 2373 744 2408; x_wconf 74' lang='lat' dir='ltr'>Nlinus</span> 
     </span>
     <span class='ocr_line' id='line_1_38' title="bbox 53 2424 744 2476; baseline 0.006 -15"><span class='ocrx_word' id='word_1_165' title='bbox 53 2424 149 2461; x_wconf 80' lang='lat' dir='ltr'>bene</span> <span class='ocrx_word' id='word_1_166' title='bbox 168 2426 338 2476; x_wconf 81' lang='lat' dir='ltr'>Vulpius</span> <span class='ocrx_word' id='word_1_167' title='bbox 357 2429 552 2463; x_wconf 80' lang='lat' dir='ltr'>concedere</span> <span class='ocrx_word' id='word_1_168' title='bbox 567 2427 744 2475; x_wconf 82' lang='lat' dir='ltr'>explicat.</span> 
     </span>
    </p>

    <p class='ocr_par' dir='ltr' id='par_1_8' title="bbox 107 2481 742 2528">
     <span class='ocr_line' id='line_1_39' title="bbox 107 2481 742 2528; baseline 0.002 -10"><span class='ocrx_word' id='word_1_169' title='bbox 107 2501 162 2510; x_wconf 91' lang='lat'>-—</span> <span class='ocrx_word' id='word_1_170' title='bbox 222 2492 342 2518; x_wconf 81' lang='lat' dir='ltr'>tamen</span> <span class='ocrx_word' id='word_1_171' title='bbox 376 2481 424 2528; x_wconf 64' lang='lat' dir='ltr'>es}</span> <span class='ocrx_word' id='word_1_172' title='bbox 457 2485 632 2520; x_wconf 74' lang='lat' dir='ltr'>deterrita</span> <span class='ocrx_word' id='word_1_173' title='bbox 652 2499 742 2519; x_wconf 83' lang='lat' dir='ltr'>nun·</span> 
     </span>
    </p>
   </div>
   <div class='ocr_carea' id='block_1_6' title="bbox 483 1715 577 1749">
    <p class='ocr_par' dir='ltr' id='par_1_9' title="bbox 483 1715 577 1749">
     <span class='ocr_line' id='line_1_40' title="bbox 483 1715 577 1749; baseline 0.011 -15"><span class='ocrx_word' id='word_1_174' title='bbox 483 1715 577 1749; x_wconf 69' lang='lat' dir='ltr'>qua&amp;</span> 
     </span>
    </p>
   </div>
   <div class='ocr_carea' id='block_1_7' title="bbox 52 2554 740 2697">
    <p class='ocr_par' dir='ltr' id='par_1_10' title="bbox 52 2554 740 2697">
     <span class='ocr_line' id='line_1_41' title="bbox 383 2554 505 2588; baseline -0.008 -14"><span class='ocrx_word' id='word_1_175' title='bbox 383 2554 505 2588; x_wconf 60' lang='lat' dir='ltr'>quarn,</span> 
     </span>
     <span class='ocr_line' id='line_1_42' title="bbox 53 2594 740 2644; baseline 0.006 -17"><span class='ocrx_word' id='word_1_176' title='bbox 53 2594 153 2643; x_wconf 75' lang='lat' dir='ltr'>Quin</span> <span class='ocrx_word' id='word_1_177' title='bbox 171 2594 310 2640; x_wconf 74' lang='lat' dir='ltr'>fleret)</span> <span class='ocrx_word' id='word_1_178' title='bbox 353 2595 392 2631; x_wconf 86' lang='lat' dir='ltr'>h.</span> <span class='ocrx_word' id='word_1_179' title='bbox 432 2609 513 2631; x_wconf 87' lang='lat' dir='ltr'>non</span> <span class='ocrx_word' id='word_1_180' title='bbox 545 2596 677 2644; x_wconf 84' lang='lat' dir='ltr'>potuit</span> <span class='ocrx_word' id='word_1_181' title='bbox 706 2596 740 2631; x_wconf 86' lang='lat' dir='ltr'>se</span> 
     </span>
     <span class='ocr_line' id='line_1_43' title="bbox 52 2650 739 2697; baseline 0.006 -15"><span class='ocrx_word' id='word_1_182' title='bbox 52 2650 273 2692; x_wconf 78' lang='lat' dir='ltr'>continere,</span> <span class='ocrx_word' id='word_1_183' title='bbox 305 2655 423 2697; x_wconf 80' lang='lat' dir='ltr'>(nam</span> <span class='ocrx_word' id='word_1_184' title='bbox 458 2651 536 2687; x_wconf 82' lang='lat' dir='ltr'>hoc</span> <span class='ocrx_word' id='word_1_185' title='bbox 566 2651 614 2685; x_wconf 81' lang='lat' dir='ltr'>est</span> <span class='ocrx_word' id='word_1_186' title='bbox 643 2651 682 2686; x_wconf 83' lang='lat' dir='ltr'>h.</span> <span class='ocrx_word' id='word_1_187' title='bbox 712 2651 739 2686; x_wconf 91' lang='lat' dir='ltr'>l.</span> 
     </span>
    </p>
   </div>
   <div class='ocr_carea' id='block_1_8' title="bbox 1407 483 1521 549">
    <p class='ocr_par' dir='ltr' id='par_1_11' title="bbox 1407 483 1521 549">
     <span class='ocr_line' id='line_1_44' title="bbox 1407 483 1521 549; baseline 0 -17"><span class='ocrx_word' id='word_1_188' title='bbox 1407 483 1521 549; x_wconf 88' lang='lat' dir='ltr'>Ipse</span> 
     </span>
    </p>
   </div>
   <div class='ocr_carea' id='block_1_9' title="bbox 806 582 1523 2743">
    <p class='ocr_par' dir='ltr' id='par_1_12' title="bbox 806 582 1523 2743">
     <span class='ocr_line' id='line_1_45' title="bbox 829 582 1521 626; baseline -0.001 -7"><span class='ocrx_word' id='word_1_189' title='bbox 829 584 1029 623; x_wconf 73' lang='lat' dir='ltr'>deterreri,</span> <span class='ocrx_word' id='word_1_190' title='bbox 1085 582 1252 623; x_wconf 80' lang='lat' dir='ltr'>retrahi,</span> <span class='ocrx_word' id='word_1_191' title='bbox 1307 583 1488 623; x_wconf 84' lang='lat' dir='ltr'>retineri,</span> <span class='ocrx_word' id='word_1_192' title='bbox 1502 583 1521 626; x_wconf 87' lang='lat'><em>)</em></span> 
     </span>
     <span class='ocr_line' id='line_1_46' title="bbox 830 639 1520 688; baseline -0.001 -14"><span class='ocrx_word' id='word_1_193' title='bbox 830 641 925 688; x_wconf 84' lang='lat' dir='ltr'>quin</span> <span class='ocrx_word' id='word_1_194' title='bbox 955 639 1081 679; x_wconf 81' lang='lat' dir='ltr'>fleret,</span> <span class='ocrx_word' id='word_1_195' title='bbox 1114 649 1151 673; x_wconf 82' lang='lat' dir='ltr'>et</span> <span class='ocrx_word' id='word_1_196' title='bbox 1178 639 1283 686; x_wconf 79' lang='lat' dir='ltr'>saepe</span> <span class='ocrx_word' id='word_1_197' title='bbox 1303 639 1520 686; x_wconf 83' lang='lat' dir='ltr'>respiceret,</span> 
     </span>
     <span class='ocr_line' id='line_1_47' title="bbox 827 694 1521 742; baseline 0 -12"><span class='ocrx_word' id='word_1_198' title='bbox 827 696 919 732; x_wconf 83' lang='lat' dir='ltr'>licet</span> <span class='ocrx_word' id='word_1_199' title='bbox 940 707 1150 742; x_wconf 78' lang='lat' dir='ltr'>utrumque</span> <span class='ocrx_word' id='word_1_200' title='bbox 1171 694 1265 728; x_wconf 80' lang='lat' dir='ltr'>mali</span> <span class='ocrx_word' id='word_1_201' title='bbox 1288 694 1429 730; x_wconf 87' lang='lat' dir='ltr'>ominis</span> <span class='ocrx_word' id='word_1_202' title='bbox 1449 695 1521 730; x_wconf 79' lang='lat' dir='ltr'>effe</span> 
     </span>
     <span class='ocr_line' id='line_1_48' title="bbox 826 751 1522 798; baseline 0 -12"><span class='ocrx_word' id='word_1_203' title='bbox 826 753 946 791; x_wconf 84' lang='lat' dir='ltr'>sciret,</span> <span class='ocrx_word' id='word_1_204' title='bbox 968 762 1005 786; x_wconf 88' lang='lat' dir='ltr'>et</span> <span class='ocrx_word' id='word_1_205' title='bbox 1022 751 1092 785; x_wconf 87' lang='lat' dir='ltr'>fibi</span> <span class='ocrx_word' id='word_1_206' title='bbox 1111 761 1314 798; x_wconf 81' lang='lat' dir='ltr'>propterea</span> <span class='ocrx_word' id='word_1_207' title='bbox 1330 752 1522 798; x_wconf 80' lang='lat' dir='ltr'>imperare</span> 
     </span>
     <span class='ocr_line' id='line_1_49' title="bbox 828 807 1518 847; baseline 0.001 -5"><span class='ocrx_word' id='word_1_208' title='bbox 828 807 1034 847; x_wconf 79' lang='lat' dir='ltr'>debuisset,</span> <span class='ocrx_word' id='word_1_209' title='bbox 1077 807 1130 841; x_wconf 81' lang='lat' dir='ltr'>ita</span> <span class='ocrx_word' id='word_1_210' title='bbox 1176 807 1350 842; x_wconf 72' lang='lat' dir='ltr'>Gronov.</span> <span class='ocrx_word' id='word_1_211' title='bbox 1389 808 1518 844; x_wconf 87' lang='lat' dir='ltr'>Diatr.</span> 
     </span>
     <span class='ocr_line' id='line_1_50' title="bbox 827 862 1521 910; baseline 0 -12"><span class='ocrx_word' id='word_1_212' title='bbox 827 866 918 898; x_wconf 82' lang='lat' dir='ltr'>Stat.</span> <span class='ocrx_word' id='word_1_213' title='bbox 950 877 981 898; x_wconf 90' lang='lat' dir='ltr'>c.</span> <span class='ocrx_word' id='word_1_214' title='bbox 1015 863 1079 899; x_wconf 83' lang='lat'>26.</span> <span class='ocrx_word' id='word_1_215' title='bbox 1138 863 1242 897; x_wconf 88' lang='lat' dir='ltr'>Hinc</span> <span class='ocrx_word' id='word_1_216' title='bbox 1269 862 1521 910; x_wconf 76' lang='lat' dir='ltr'>explicandus</span> 
     </span>
     <span class='ocr_line' id='line_1_51' title="bbox 825 919 1523 969; baseline 0.001 -15"><span class='ocrx_word' id='word_1_217' title='bbox 825 919 946 955; x_wconf 78' lang='lat' dir='ltr'>Rutil.</span> <span class='ocrx_word' id='word_1_218' title='bbox 970 920 1101 954; x_wconf 89' lang='lat' dir='ltr'>Itiner.</span> <span class='ocrx_word' id='word_1_219' title='bbox 1124 921 1164 959; x_wconf 87' lang='lat' dir='ltr'>I,</span> <span class='ocrx_word' id='word_1_220' title='bbox 1190 925 1255 964; x_wconf 81' lang='grc'>45.</span> <span class='ocrx_word' id='word_1_221' title='bbox 1281 919 1351 969; x_wconf 75' lang='lat' dir='ltr'>ubi</span> <span class='ocrx_word' id='word_1_222' title='bbox 1373 919 1419 954; x_wconf 81' lang='lat' dir='ltr'>de</span> <span class='ocrx_word' id='word_1_223' title='bbox 1443 919 1523 956; x_wconf 56' lang='lat' dir='ltr'>diu*-</span> 
     </span>
     <span class='ocr_line' id='line_1_52' title="bbox 827 976 1220 1011; baseline -0.005 -1"><span class='ocrx_word' id='word_1_224' title='bbox 827 976 925 1011; x_wconf 83' lang='lat' dir='ltr'>cessu</span> <span class='ocrx_word' id='word_1_225' title='bbox 945 977 1010 1010; x_wconf 85' lang='lat' dir='ltr'>suo</span> <span class='ocrx_word' id='word_1_226' title='bbox 1034 989 1052 1011; x_wconf 90' lang='lat' dir='ltr'>e</span> <span class='ocrx_word' id='word_1_227' title='bbox 1075 978 1220 1010; x_wconf 81' lang='lat' dir='ltr'>Roma:</span> 
     </span>
     <span class='ocr_line' id='line_1_53' title="bbox 886 1032 1519 1070; baseline 0.003 -6"><span class='ocrx_word' id='word_1_228' title='bbox 886 1033 1045 1067; x_wconf 77' lang='lat' dir='ltr'>Oramus</span> <span class='ocrx_word' id='word_1_229' title='bbox 1079 1033 1225 1066; x_wconf 79' lang='lat' dir='ltr'>veniam</span> <span class='ocrx_word' id='word_1_230' title='bbox 1254 1032 1434 1070; x_wconf 76' lang='lat' dir='ltr'>lacrimis,</span> <span class='ocrx_word' id='word_1_231' title='bbox 1482 1040 1519 1066; x_wconf 73' lang='lat' dir='ltr'>et:</span> 
     </span>
     <span class='ocr_line' id='line_1_54' title="bbox 1046 1087 1346 1122; baseline 0.007 -2"><span class='ocrx_word' id='word_1_232' title='bbox 1046 1087 1158 1121; x_wconf 78' lang='lat' dir='ltr'>laude</span> <span class='ocrx_word' id='word_1_233' title='bbox 1184 1087 1346 1122; x_wconf 71' lang='lat' dir='ltr'>litamus.</span> 
     </span>
     <span class='ocr_line' id='line_1_55' title="bbox 823 1141 1520 1178; baseline -0.01 0"><span class='ocrx_word' id='word_1_234' title='bbox 823 1141 863 1178; x_wconf 84' lang='lat' dir='ltr'>h.</span> <span class='ocrx_word' id='word_1_235' title='bbox 905 1141 1072 1178; x_wconf 87' lang='lat' dir='ltr'>Oramus</span> <span class='ocrx_word' id='word_1_236' title='bbox 1107 1142 1215 1175; x_wconf 77' lang='lat' dir='ltr'>deam</span> <span class='ocrx_word' id='word_1_237' title='bbox 1247 1143 1411 1176; x_wconf 81' lang='lat' dir='ltr'>Romam</span> <span class='ocrx_word' id='word_1_238' title='bbox 1451 1157 1520 1178; x_wconf 74' lang='lat' dir='ltr'>ve-</span> 
     </span>
     <span class='ocr_line' id='line_1_56' title="bbox 822 1196 1518 1245; baseline 0 -12"><span class='ocrx_word' id='word_1_239' title='bbox 822 1199 940 1238; x_wconf 83' lang='lat' dir='ltr'>niam,</span> <span class='ocrx_word' id='word_1_240' title='bbox 974 1198 1080 1245; x_wconf 88' lang='lat' dir='ltr'>quod</span> <span class='ocrx_word' id='word_1_241' title='bbox 1098 1198 1140 1231; x_wconf 86' lang='lat' dir='ltr'>in</span> <span class='ocrx_word' id='word_1_242' title='bbox 1162 1196 1321 1231; x_wconf 76' lang='lat' dir='ltr'>discessu</span> <span class='ocrx_word' id='word_1_243' title='bbox 1341 1197 1518 1234; x_wconf 75' lang='lat' dir='ltr'>lacrimas</span> 
     </span>
     <span class='ocr_line' id='line_1_57' title="bbox 825 1254 1519 1293; baseline -0.001 -4"><span class='ocrx_word' id='word_1_244' title='bbox 825 1255 1084 1293; x_wconf 84' lang='lat' dir='ltr'>effundimus,</span> <span class='ocrx_word' id='word_1_245' title='bbox 1114 1267 1161 1288; x_wconf 88' lang='lat' dir='ltr'>ne</span> <span class='ocrx_word' id='word_1_246' title='bbox 1193 1266 1235 1286; x_wconf 79' lang='lat' dir='ltr'>ea</span> <span class='ocrx_word' id='word_1_247' title='bbox 1257 1266 1315 1287; x_wconf 80' lang='lat' dir='ltr'>res</span> <span class='ocrx_word' id='word_1_248' title='bbox 1335 1254 1378 1288; x_wconf 87' lang='lat' dir='ltr'>in</span> <span class='ocrx_word' id='word_1_249' title='bbox 1401 1266 1519 1289; x_wconf 85' lang='lat' dir='ltr'>omen</span> 
     </span>
     <span class='ocr_line' id='line_1_58' title="bbox 823 1309 1518 1350; baseline 0.001 -5"><span class='ocrx_word' id='word_1_250' title='bbox 823 1320 968 1350; x_wconf 80' lang='lat' dir='ltr'>vertat,</span> <span class='ocrx_word' id='word_1_251' title='bbox 1021 1320 1058 1344; x_wconf 85' lang='lat' dir='ltr'>et</span> <span class='ocrx_word' id='word_1_252' title='bbox 1091 1322 1162 1344; x_wconf 89' lang='lat' dir='ltr'>nos</span> <span class='ocrx_word' id='word_1_253' title='bbox 1192 1309 1239 1343; x_wconf 84' lang='lat' dir='ltr'>ad</span> <span class='ocrx_word' id='word_1_254' title='bbox 1272 1309 1354 1344; x_wconf 74' lang='lat' dir='ltr'>eius</span> <span class='ocrx_word' id='word_1_255' title='bbox 1384 1309 1518 1346; x_wconf 77' lang='lat' dir='ltr'>laudes</span> 
     </span>
     <span class='ocr_line' id='line_1_59' title="bbox 823 1366 1517 1413; baseline 0 -13"><span class='ocrx_word' id='word_1_256' title='bbox 823 1366 1113 1406; x_wconf 79' lang='lat' dir='ltr'>convertimus3</span> <span class='ocrx_word' id='word_1_257' title='bbox 1155 1378 1247 1413; x_wconf 81' lang='lat' dir='ltr'>quas</span> <span class='ocrx_word' id='word_1_258' title='bbox 1275 1372 1389 1412; x_wconf 74' lang='lat' dir='ltr'>poeta</span> <span class='ocrx_word' id='word_1_259' title='bbox 1421 1378 1517 1401; x_wconf 79' lang='lat' dir='ltr'>mox</span> 
     </span>
     <span class='ocr_line' id='line_1_60' title="bbox 822 1422 991 1457; baseline 0 -1"><span class='ocrx_word' id='word_1_260' title='bbox 822 1422 991 1457; x_wconf 84' lang='lat' dir='ltr'>subiicit.</span> 
     </span>
     <span class='ocr_line' id='line_1_61' title="bbox 876 1476 1518 1525; baseline 0.005 -14"><span class='ocrx_word' id='word_1_261' title='bbox 876 1479 979 1512; x_wconf 74' lang='lat' dir='ltr'>Haec</span> <span class='ocrx_word' id='word_1_262' title='bbox 1023 1477 1178 1525; x_wconf 85' lang='lat' dir='ltr'>quidem</span> <span class='ocrx_word' id='word_1_263' title='bbox 1220 1476 1329 1513; x_wconf 86' lang='lat' dir='ltr'>olim.</span> <span class='ocrx_word' id='word_1_264' title='bbox 1396 1478 1518 1514; x_wconf 80' lang='lat' dir='ltr'>Nunc</span> 
     </span>
     <span class='ocr_line' id='line_1_62' title="bbox 820 1533 1516 1580; baseline 0.003 -13"><span class='ocrx_word' id='word_1_265' title='bbox 820 1533 914 1567; x_wconf 75' lang='lat' dir='ltr'>haec</span> <span class='ocrx_word' id='word_1_266' title='bbox 942 1533 1085 1568; x_wconf 75' lang='lat' dir='ltr'>Rutilii</span> <span class='ocrx_word' id='word_1_267' title='bbox 1106 1533 1373 1580; x_wconf 79' lang='lat' dir='ltr'>interpretatio</span> <span class='ocrx_word' id='word_1_268' title='bbox 1395 1534 1516 1570; x_wconf 78' lang='lat' dir='ltr'>nimis</span> 
     </span>
     <span class='ocr_line' id='line_1_63' title="bbox 819 1589 1516 1635; baseline 0.003 -12"><span class='ocrx_word' id='word_1_269' title='bbox 819 1600 954 1635; x_wconf 77' lang='lat' dir='ltr'>arguta</span> <span class='ocrx_word' id='word_1_270' title='bbox 1001 1589 1071 1625; x_wconf 76' lang='lat' dir='ltr'>effe</span> <span class='ocrx_word' id='word_1_271' title='bbox 1110 1589 1281 1624; x_wconf 76' lang='lat' dir='ltr'>videtur.</span> <span class='ocrx_word' id='word_1_272' title='bbox 1364 1590 1516 1635; x_wconf 82' lang='lat' dir='ltr'>Quidni</span> 
     </span>
     <span class='ocr_line' id='line_1_64' title="bbox 816 1645 1514 1693; baseline -0.001 -12"><span class='ocrx_word' id='word_1_273' title='bbox 816 1647 882 1681; x_wconf 81' lang='lat' dir='ltr'>fit:</span> <span class='ocrx_word' id='word_1_274' title='bbox 917 1647 1122 1679; x_wconf 78' lang='lat' dir='ltr'>Precamur</span> <span class='ocrx_word' id='word_1_275' title='bbox 1151 1645 1280 1684; x_wconf 79' lang='lat' dir='ltr'>deam,</span> <span class='ocrx_word' id='word_1_276' title='bbox 1312 1656 1354 1680; x_wconf 86' lang='lat' dir='ltr'>ut</span> <span class='ocrx_word' id='word_1_277' title='bbox 1377 1646 1514 1693; x_wconf 83' lang='lat' dir='ltr'>propi-</span> 
     </span>
     <span class='ocr_line' id='line_1_65' title="bbox 813 1701 1515 1737; baseline 0 -1"><span class='ocrx_word' id='word_1_278' title='bbox 813 1703 865 1737; x_wconf 71' lang='lat' dir='ltr'>tia</span> <span class='ocrx_word' id='word_1_279' title='bbox 887 1701 1002 1735; x_wconf 74' lang='lat' dir='ltr'>nobis</span> <span class='ocrx_word' id='word_1_280' title='bbox 1026 1702 1080 1735; x_wconf 79' lang='lat' dir='ltr'>fit.</span> <span class='ocrx_word' id='word_1_281' title='bbox 1113 1702 1240 1735; x_wconf 73' lang='lat' dir='ltr'>Etiam</span> <span class='ocrx_word' id='word_1_282' title='bbox 1264 1702 1515 1736; x_wconf 79' lang='lat' dir='ltr'>Gronoviana</span> 
     </span>
     <span class='ocr_line' id='line_1_66' title="bbox 815 1755 1514 1804; baseline 0 -12"><span class='ocrx_word' id='word_1_283' title='bbox 815 1755 970 1793; x_wconf 77' lang='lat' dir='ltr'>Tibulli</span> <span class='ocrx_word' id='word_1_284' title='bbox 1025 1756 1137 1791; x_wconf 80' lang='lat' dir='ltr'>docta</span> <span class='ocrx_word' id='word_1_285' title='bbox 1188 1757 1238 1795; x_wconf 79' lang='lat' dir='ltr'>efi:</span> <span class='ocrx_word' id='word_1_286' title='bbox 1288 1756 1514 1804; x_wconf 75' lang='lat' dir='ltr'>explicatio,</span> 
     </span>
     <span class='ocr_line' id='line_1_67' title="bbox 815 1811 1512 1852; baseline 0 -4"><span class='ocrx_word' id='word_1_287' title='bbox 815 1814 950 1852; x_wconf 77' lang='lat' dir='ltr'>fateor,</span> <span class='ocrx_word' id='word_1_288' title='bbox 971 1823 1009 1848; x_wconf 86' lang='lat' dir='ltr'>et</span> <span class='ocrx_word' id='word_1_289' title='bbox 1030 1811 1275 1848; x_wconf 75' lang='lat' dir='ltr'>Broukhusio</span> <span class='ocrx_word' id='word_1_290' title='bbox 1298 1813 1512 1848; x_wconf 82' lang='lat' dir='ltr'>admodum</span> 
     </span>
     <span class='ocr_line' id='line_1_68' title="bbox 815 1869 1512 1918; baseline 0.001 -15"><span class='ocrx_word' id='word_1_291' title='bbox 815 1869 998 1918; x_wconf 55' lang='lat' dir='ltr'>probratru</span> <span class='ocrx_word' id='word_1_292' title='bbox 1049 1878 1225 1903; x_wconf 75' lang='lat' dir='ltr'>contorta</span> <span class='ocrx_word' id='word_1_293' title='bbox 1268 1880 1395 1904; x_wconf 77' lang='lat' dir='ltr'>tamen</span> <span class='ocrx_word' id='word_1_294' title='bbox 1425 1880 1462 1904; x_wconf 84' lang='lat' dir='ltr'>et</span> <span class='ocrx_word' id='word_1_295' title='bbox 1492 1883 1512 1904; x_wconf 92' lang='lat' dir='ltr'>a</span> 
     </span>
     <span class='ocr_line' id='line_1_69' title="bbox 814 1924 1513 1965; baseline 0.001 -5"><span class='ocrx_word' id='word_1_296' title='bbox 814 1925 905 1960; x_wconf 90' lang='lat' dir='ltr'>loco</span> <span class='ocrx_word' id='word_1_297' title='bbox 937 1924 1083 1965; x_wconf 74' lang='lat' dir='ltr'>aliena3</span> <span class='ocrx_word' id='word_1_298' title='bbox 1124 1925 1239 1959; x_wconf 74' lang='lat' dir='ltr'>etiam</span> <span class='ocrx_word' id='word_1_299' title='bbox 1277 1934 1401 1960; x_wconf 72' lang='lat' dir='ltr'>tamen</span> <span class='ocrx_word' id='word_1_300' title='bbox 1429 1939 1513 1961; x_wconf 84' lang='lat' dir='ltr'>earn</span> 
     </span>
     <span class='ocr_line' id='line_1_70' title="bbox 816 1980 1511 2028; baseline -0.001 -11"><span class='ocrx_word' id='word_1_301' title='bbox 816 1980 1002 2017; x_wconf 85' lang='lat' dir='ltr'>excludit.</span> <span class='ocrx_word' id='word_1_302' title='bbox 1070 1981 1198 2022; x_wconf 71' lang='lat' dir='ltr'>Nam,</span> <span class='ocrx_word' id='word_1_303' title='bbox 1239 1982 1325 2022; x_wconf 81' lang='lat' dir='ltr'>etsi,</span> <span class='ocrx_word' id='word_1_304' title='bbox 1366 1981 1511 2028; x_wconf 86' lang='lat' dir='ltr'>inquit,</span> 
     </span>
     <span class='ocr_line' id='line_1_71' title="bbox 816 2037 1511 2085; baseline 0.003 -14"><span class='ocrx_word' id='word_1_305' title='bbox 816 2038 947 2072; x_wconf 75' lang='lat' dir='ltr'>omnia</span> <span class='ocrx_word' id='word_1_306' title='bbox 978 2037 1131 2072; x_wconf 83' lang='lat' dir='ltr'>felicem</span> <span class='ocrx_word' id='word_1_307' title='bbox 1152 2038 1323 2073; x_wconf 87' lang='lat' dir='ltr'>reditum</span> <span class='ocrx_word' id='word_1_308' title='bbox 1346 2038 1511 2085; x_wconf 87' lang='lat' dir='ltr'>promit·</span> 
     </span>
     <span class='ocr_line' id='line_1_72' title="bbox 815 2094 1509 2141; baseline 0.003 -13"><span class='ocrx_word' id='word_1_309' title='bbox 815 2094 965 2133; x_wconf 81' lang='lat' dir='ltr'>tebant‚</span> <span class='ocrx_word' id='word_1_310' title='bbox 1009 2104 1136 2128; x_wconf 79' lang='lat' dir='ltr'>tamen</span> <span class='ocrx_word' id='word_1_311' title='bbox 1166 2107 1247 2129; x_wconf 87' lang='lat' dir='ltr'>non</span> <span class='ocrx_word' id='word_1_312' title='bbox 1277 2094 1409 2141; x_wconf 85' lang='lat' dir='ltr'>potuit</span> <span class='ocrx_word' id='word_1_313' title='bbox 1446 2107 1509 2130; x_wconf 89' lang='lat' dir='ltr'>co-</span> 
     </span>
     <span class='ocr_line' id='line_1_73' title="bbox 813 2149 1510 2198; baseline 0.001 -14"><span class='ocrx_word' id='word_1_314' title='bbox 813 2149 950 2184; x_wconf 82' lang='lat' dir='ltr'>hibere</span> <span class='ocrx_word' id='word_1_315' title='bbox 979 2150 1013 2184; x_wconf 85' lang='lat' dir='ltr'>se</span> <span class='ocrx_word' id='word_1_316' title='bbox 1045 2149 1182 2190; x_wconf 75' lang='lat' dir='ltr'>Delia,</span> <span class='ocrx_word' id='word_1_317' title='bbox 1218 2162 1296 2198; x_wconf 88' lang='lat' dir='ltr'>quo</span> <span class='ocrx_word' id='word_1_318' title='bbox 1316 2150 1447 2184; x_wconf 82' lang='lat' dir='ltr'>minus</span> <span class='ocrx_word' id='word_1_319' title='bbox 1466 2151 1510 2186; x_wconf 86' lang='lat' dir='ltr'>in</span> 
     </span>
     <span class='ocr_line' id='line_1_74' title="bbox 814 2205 1507 2253; baseline 0.001 -14"><span class='ocrx_word' id='word_1_320' title='bbox 814 2206 896 2253; x_wconf 82' lang='lat' dir='ltr'>ipso</span> <span class='ocrx_word' id='word_1_321' title='bbox 954 2206 1117 2240; x_wconf 81' lang='lat' dir='ltr'>discessu</span> <span class='ocrx_word' id='word_1_322' title='bbox 1167 2205 1297 2245; x_wconf 82' lang='lat' dir='ltr'>fleret,</span> <span class='ocrx_word' id='word_1_323' title='bbox 1353 2217 1390 2241; x_wconf 89' lang='lat' dir='ltr'>et</span> <span class='ocrx_word' id='word_1_324' title='bbox 1428 2206 1507 2240; x_wconf 78' lang='lat' dir='ltr'>iani</span> 
     </span>
     <span class='ocr_line' id='line_1_75' title="bbox 815 2262 1507 2310; baseline 0.001 -15"><span class='ocrx_word' id='word_1_325' title='bbox 815 2262 965 2296; x_wconf 60' lang='lat' dir='ltr'>dimissa</span> <span class='ocrx_word' id='word_1_326' title='bbox 1004 2275 1066 2297; x_wconf 86' lang='lat' dir='ltr'>me</span> <span class='ocrx_word' id='word_1_327' title='bbox 1104 2263 1323 2310; x_wconf 83' lang='lat' dir='ltr'>profectum</span> <span class='ocrx_word' id='word_1_328' title='bbox 1361 2262 1507 2296; x_wconf 82' lang='lat' dir='ltr'>iterum</span> 
     </span>
     <span class='ocr_line' id='line_1_76' title="bbox 811 2318 1506 2366; baseline -0.001 -14"><span class='ocrx_word' id='word_1_329' title='bbox 811 2318 1035 2366; x_wconf 82' lang='lat' dir='ltr'>iterumque</span> <span class='ocrx_word' id='word_1_330' title='bbox 1063 2319 1287 2365; x_wconf 75' lang='lat' dir='ltr'>respiceret,</span> <span class='ocrx_word' id='word_1_331' title='bbox 1331 2330 1421 2365; x_wconf 80' lang='lat' dir='ltr'>prae</span> <span class='ocrx_word' id='word_1_332' title='bbox 1454 2329 1506 2353; x_wconf 81' lang='lat' dir='ltr'>ta-</span> 
     </span>
     <span class='ocr_line' id='line_1_77' title="bbox 813 2373 1507 2411; baseline 0 -3"><span class='ocrx_word' id='word_1_333' title='bbox 813 2374 886 2411; x_wconf 81' lang='lat' dir='ltr'>cita</span> <span class='ocrx_word' id='word_1_334' title='bbox 907 2373 1168 2409; x_wconf 83' lang='lat' dir='ltr'>sollicitudine</span> <span class='ocrx_word' id='word_1_335' title='bbox 1188 2375 1309 2408; x_wconf 85' lang='lat' dir='ltr'>animi</span> <span class='ocrx_word' id='word_1_336' title='bbox 1331 2384 1367 2408; x_wconf 86' lang='lat' dir='ltr'>et</span> <span class='ocrx_word' id='word_1_337' title='bbox 1382 2374 1507 2409; x_wconf 82' lang='lat' dir='ltr'>futuri</span> 
     </span>
     <span class='ocr_line' id='line_1_78' title="bbox 810 2429 1505 2478; baseline -0.001 -14"><span class='ocrx_word' id='word_1_338' title='bbox 810 2430 1081 2478; x_wconf 79' lang='lat' dir='ltr'>praesensione.</span> <span class='ocrx_word' id='word_1_339' title='bbox 1145 2430 1284 2465; x_wconf 76' lang='lat' dir='ltr'>Trahit</span> <span class='ocrx_word' id='word_1_340' title='bbox 1303 2429 1378 2463; x_wconf 82' lang='lat' dir='ltr'>hoc</span> <span class='ocrx_word' id='word_1_341' title='bbox 1400 2442 1505 2464; x_wconf 78' lang='lat' dir='ltr'>nuuc</span> 
     </span>
     <span class='ocr_line' id='line_1_79' title="bbox 808 2485 1504 2534; baseline 0 -14"><span class='ocrx_word' id='word_1_342' title='bbox 808 2494 924 2534; x_wconf 70' lang='lat' dir='ltr'>poeta</span> <span class='ocrx_word' id='word_1_343' title='bbox 965 2486 1012 2520; x_wconf 78' lang='lat' dir='ltr'>ad</span> <span class='ocrx_word' id='word_1_344' title='bbox 1051 2485 1196 2520; x_wconf 78' lang='lat' dir='ltr'>malum</span> <span class='ocrx_word' id='word_1_345' title='bbox 1235 2498 1370 2524; x_wconf 84' lang='lat' dir='ltr'>omcu;</span> <span class='ocrx_word' id='word_1_346' title='bbox 1422 2498 1504 2520; x_wconf 84' lang='lat' dir='ltr'>non</span> 
     </span>
     <span class='ocr_line' id='line_1_80' title="bbox 809 2541 1503 2588; baseline 0 -13"><span class='ocrx_word' id='word_1_347' title='bbox 809 2552 938 2577; x_wconf 76' lang='lat' dir='ltr'>autem</span> <span class='ocrx_word' id='word_1_348' title='bbox 967 2541 1081 2576; x_wconf 83' lang='lat' dir='ltr'>Deh&#39;a</span> <span class='ocrx_word' id='word_1_349' title='bbox 1115 2543 1160 2576; x_wconf 88' lang='lat' dir='ltr'>de</span> <span class='ocrx_word' id='word_1_350' title='bbox 1193 2541 1343 2582; x_wconf 86' lang='lat' dir='ltr'>omine,</span> <span class='ocrx_word' id='word_1_351' title='bbox 1395 2541 1503 2588; x_wconf 85' lang='lat' dir='ltr'>quod</span> 
     </span>
     <span class='ocr_line' id='line_1_81' title="bbox 806 2597 1501 2645; baseline -0.001 -13"><span class='ocrx_word' id='word_1_352' title='bbox 806 2598 963 2639; x_wconf 75' lang='lat' dir='ltr'>inesset,</span> <span class='ocrx_word' id='word_1_353' title='bbox 996 2608 1078 2632; x_wconf 86' lang='lat' dir='ltr'>tum</span> <span class='ocrx_word' id='word_1_354' title='bbox 1112 2597 1324 2645; x_wconf 70' lang='lat' dir='ltr'>cogitabat,</span> <span class='ocrx_word' id='word_1_355' title='bbox 1356 2607 1400 2632; x_wconf 87' lang='lat' dir='ltr'>ut</span> <span class='ocrx_word' id='word_1_356' title='bbox 1429 2609 1501 2631; x_wconf 83' lang='lat' dir='ltr'>nec</span> 
     </span>
     <span class='ocr_line' id='line_1_82' title="bbox 808 2652 1499 2700; baseline 0.003 -15"><span class='ocrx_word' id='word_1_357' title='bbox 808 2653 876 2687; x_wconf 80' lang='lat' dir='ltr'>alii</span> <span class='ocrx_word' id='word_1_358' title='bbox 916 2665 976 2690; x_wconf 85' lang='lat' dir='ltr'>tot.</span> <span class='ocrx_word' id='word_1_359' title='bbox 1012 2653 1057 2690; x_wconf 77' lang='lat' dir='ltr'>in.</span> <span class='ocrx_word' id='word_1_360' title='bbox 1097 2653 1217 2691; x_wconf 75' lang='lat' dir='ltr'>locis,</span> <span class='ocrx_word' id='word_1_361' title='bbox 1268 2652 1311 2687; x_wconf 83' lang='lat' dir='ltr'>in</span> <span class='ocrx_word' id='word_1_362' title='bbox 1353 2652 1499 2700; x_wconf 72' lang='lat' dir='ltr'>quibus</span> 
     </span>
     <span class='ocr_line' id='line_1_83' title="bbox 1359 2707 1498 2743; baseline 0.007 -1"><span class='ocrx_word' id='word_1_363' title='bbox 1359 2707 1498 2743; x_wconf 66' lang='lat' dir='ltr'>similis</span> 
     </span>
    </p>
   </div>
  </div>
 </body>
</html>
