1752 2974
227 141 303 184 152

294 258 423 306 Neu
451 258 630 305 timeat
660 254 851 301 celeres
885 253 1088 302 tardior
1118 269 1246 318 agna
1275 252 1447 319 lupos.

697 139 872 176 ALBII
920 137 1185 176 TIBVLLI

1609 267 1675 301 ΩΟ

164 338 174 350 ’
224 348 378 395 Tunc
409 342 612 392 nitidus
648 339 823 406 plenis
857 339 1088 389 confisus
1122 339 1347 389 rusticus
1383 341 1520 406 agris

300 435 507 496 Ingeret
552 426 759 474 ardenti
799 426 1014 490 grandia
1059 429 1203 492 ligna
1250 427 1373 477 foco
1388 445 1402 486 ;

223 520 508 582 Turbaque
529 530 813 563 vernarum
828 549 842 570 ,
880 511 1041 562 saturi
1064 515 1203 563 bona
1231 515 1376 580 signa
1399 515 1596 573 coloni,

293 605 502 662 Ludet,
541 612 594 650 et
614 619 676 649 ex
709 603 874 666 virgis
908 613 1140 651 exstruet
1171 614 1288 652 ante
1321 602 1466 651 casas.

222 699 490 744 Eventura
515 708 717 757 precor.

799 688 974 738 Viden
998 700 1059 737 ut
1084 687 1330 740 felicibus
1355 690 1485 739 extis

1605 701 1671 745 25

296 778 575 846 Significet
610 778 848 845 placidos
887 778 1079 826 nuntia
1112 776 1248 826 fibra
1283 779 1447 828 deos?

277 1001 340 1027 21.
377 990 494 1034 Tunc)
518 1002 605 1025 cum
627 989 727 1036 seges
757 986 913 1022 melsem

218 1061 297 1084 non
312 1047 474 1086 eluserit,
496 1046 668 1092 adeoque
683 1045 796 1079 mess'e
809 1043 913 1092 larga

218 1106 336 1143 facta,
366 1103 526 1139 rusticus
555 1102 675 1136 laetus
707 1102 807 1148 agris
835 1102 914 1148 ple-

217 1163 287 1201 nis,
319 1160 506 1194 frumenti
531 1158 655 1205 copia,
687 1157 832 1191 sacrum
859 1156 912 1190 sa-

219 1217 316 1257 ciet,
347 1216 444 1251 firue
476 1214 677 1261 lignorum
699 1213 743 1247 in
765 1225 825 1246 ara
855 1223 912 1246 ac-

218 1273 345 1311 censa,
397 1282 434 1306 et
463 1270 591 1305 vernis
623 1281 707 1304 ante
740 1281 822 1303 eam
851 1266 912 1302 lu·

218 1328 411 1363 dentibus.
444 1325 557 1363 Conf.
582 1325 689 1361 Obff.

276 1393 340 1419 22.
374 1380 699 1427 ardenti—foco)
720 1380 790 1415 int.
812 1391 912 1416 eum,

215 1440 258 1474 in
291 1453 370 1487 quo
403 1440 549 1472 sacrum
570 1437 641 1475 fit,
683 1446 720 1470 et
753 1434 912 1482 quidem

214 1495 256 1529 in
280 1496 368 1542 ipso
400 1506 513 1542 argo,
544 1491 611 1528 sub
637 1491 727 1532 dio,
762 1501 804 1525 ut
832 1491 911 1537 sup.

213 1551 245 1590 1,
283 1562 341 1590 10,
373 1558 441 1592 51,
478 1550 521 1585 in
549 1548 654 1583 luco.
733 1547 839 1582 Fieri
871 1546 916 1580 id.

213 1607 348 1655 potuit
379 1606 425 1640 ad
454 1606 558 1654 signa
600 1604 765 1640 deorum
806 1615 917 1650 agre·-

213 1662 349 1703 stium,
398 1663 535 1710 paffim
570 1662 613 1696 in
646 1661 747 1708 agris
778 1659 914 1708 posita.

213 1718 308 1754 Non
326 1719 459 1765 itaque
481 1719 592 1754 focus
612 1716 774 1764 frigoris
794 1714 915 1749 causs'a

212 1773 298 1822 igni
328 1773 484 1810 lucidus
507 1774 545 1809 h.
567 1773 592 1809 l.
618 1771 913 1820 intelligendus,

215 1840 260 1865 ut
280 1843 339 1879 ap.
361 1831 500 1865 Horat.
518 1833 548 1865 1.
572 1828 647 1865 Od.
673 1840 708 1875 9.
733 1836 769 1871 5.

269 1905 335 1940 23.
359 1895 484 1944 saturi
509 1894 738 1943 bonasigna
763 1893 911 1945 coloni)

212 1966 310 2002 quae
338 1953 468 2003 arguit
497 1952 637 1988 herum
659 1950 832 2000 saturum
864 1965 912 1987 ex

211 2009 324 2058 copia
349 2019 386 2043 et
408 2008 533 2044 divite
553 2022 679 2057 penu,
712 2021 829 2056 quom
851 2009 910 2042 iu-

208 2065 350 2100 struxit
369 2077 416 2099 ex
431 2064 542 2114 largo
561 2065 719 2112 frugum
738 2077 910 2112 proven-

210 2129 265 2156 tu.
327 2119 512 2169 Calpurn.
544 2121 611 2159 IV,
643 2128 731 2163 125.

271 2178 319 2213 Ut
340 2190 482 2226 quoque
505 2176 611 2212 turba
630 2177 726 2211 bono
749 2178 910 2225 plaudat

423 2232 568 2281 satiata
597 2230 792 2280 magtsstro.

264 2292 331 2335 24.
362 2286 520 2335 exstruet
550 2298 636 2324 ante
668 2289 793 2337 cusas)
823 2302 909 2327 ante

206 2343 338 2380 focum
368 2345 513 2380 sacrum
540 2345 789 2385 umbracula,
840 2347 907 2383 sub

205 2399 350 2449 quibus
394 2413 576 2449 potarent
617 2412 654 2437 et
697 2398 902 2438 luderent:

201 2457 383 2504 pergulae
398 2457 536 2501 dictae,
562 2458 724 2497 triclzila,
746 2458 904 2506 hypant-

200 2513 304 2559 peli:
335 2525 373 2547 v.
395 2514 440 2548 ad
469 2516 617 2564 Copam
651 2527 689 2549 v.
711 2518 752 2558 ,3.
788 2525 824 2549 et
853 2516 899 2552 cf·

197 2568 268 2603 inf.
290 2569 386 2604 Not.
418 2570 465 2604 ad
486 2573 532 2613 ΙΙ,
563 2578 601 2614 5,
631 2580 694 2618 97.
761 2571 900 2606 Cuius-

194 2624 308 2659 modi
335 2624 559 2662 umbracula
588 2627 696 2662 fuere
738 2638 898 2673 quoque

194 2680 416 2720 inveneris
438 2684 555 2726 sacro,
587 2683 699 2721 cuius
719 2683 898 2732 'Pervigi-

1513 867 1677 915 Nune

982 985 1083 1022 lium
1124 987 1333 1028 habemus,
1387 994 1424 1030 5.
1461 986 1498 1022 6.
1543 997 1580 1021 et
1611 991 1678 1032 44.

984 1045 1082 1079 casae
1104 1058 1122 1079 e
1142 1045 1303 1090 myrteis
1320 1043 1527 1079 frondibus
1547 1043 1680 1078 factae.

981 1102 1031 1135 Il.
1076 1102 1136 1135 Ex
1176 1099 1433 1135 multitudine
1471 1111 1678 1134 vernarum

981 1169 1064 1191 non
1105 1167 1261 1205 apparet
1297 1155 1451 1191 domini
1487 1156 1568 1203 spes
1604 1154 1677 1188 ‘effe

981 1212 1184 1259 impletam
1217 1212 1278 1246 [ed
1300 1212 1329 1246 si
1355 1212 1498 1247 ludunt
1517 1223 1554 1247 et
1583 1211 1678 1246 casas

983 1268 1193 1307 exstruunt,
1219 1267 1259 1301 id
1278 1268 1380 1302 inter
1395 1268 1496 1303 bona
1507 1267 1610 1315 signa
1622 1279 1679 1299 re·

985 1323 1094 1359 seres.
1136 1324 1278 1364 Saturi,
1311 1323 1518 1371 siquidem
1542 1332 1677 1359 avarus

982 1378 1052 1414 ille
1072 1379 1180 1413 audit
1201 1379 1300 1426 apud
1322 1378 1465 1428 Virgil.
1489 1379 1630 1426 Georg.
1647 1379 1675 1417 I,

986 1444 1050 1477 47.
1110 1434 1290 1481 Denique
1320 1435 1453 1469 festum
1495 1436 1679 1470 rusticun1

985 1489 1221 1525 celebratum
1264 1504 1344 1524 cum
1378 1489 1494 1539 sociis
1528 1504 1676 1539 operum

984 1546 1064 1581 vid.
1088 1560 1146 1595 ap.
1161 1548 1295 1581 Horat.
1308 1548 1424 1595 Epist.
1446 1549 1493 1588 11,
1522 1560 1556 1587 ι,
1587 1555 1675 1593 142.

1042 1677 1106 1713 25.
1138 1669 1329 1706 Eventura
1347 1670 1494 1720 precor)
1516 1674 1546 1712 I,
1560 1677 1597 1714 5,
1612 1679 1678 1715 57.

981 1726 1190 1762 Evenient.-
1242 1728 1307 1762 dac
1331 1727 1444 1776 signa
1480 1728 1579 1763 deus.
1625 1730 1673 1763 H.

987 1783 1106 1818 Viden
1129 1791 1169 1817 ut
1189 1782 1357 1819 formula
1377 1798 1459 1819 rem
1481 1785 1675 1833 probandi

983 1839 1189 1887 exquisita,
1245 1853 1368 1889 quum
1409 1841 1456 1876 ad
1487 1854 1574 1876 eum
1607 1840 1675 1890 qui

979 1895 1152 1945 praesens
1195 1897 1244 1931 est
1287 1896 1351 1932 Vel
1386 1897 1457 1932 effe
1496 1897 1674 1946 fingitur,

981 1951 1106 1986 oratio
1130 1953 1384 1988 convertitur.
1444 1954 1676 1991 Notandum

981 2007 1029 2043 est
1052 2008 1164 2042 etiam
1180 2009 1285 2056 quod
1297 2009 1428 2058 plures
1449 2010 1518 2045 hac
1537 2010 1673 2045 dietiou

978 2077 1027 2099 ne
1052 2062 1280 2111 alloquitur,
1313 2076 1356 2100 ut
1379 2066 1554 2102 Catullus
1568 2068 1672 2105 LXL

980 2131 1045 2164 77.
1077 2131 1113 2155 et
1144 2121 1262 2159 LXII.
1298 2128 1334 2166 8.
1396 2121 1591 2163 Catullus,
1631 2134 1673 2159 ut

976 2176 1169 2223 Virgilius
1191 2178 1286 2213 Aen.
1306 2179 1373 2219 VI,
1403 2185 1498 2223 730,
1524 2179 1671 2214 indica-

977 2233 1105 2267 tivum
1142 2233 1322 2269 adiunxit
1360 2246 1468 2270 more
1509 2235 1672 2271 Graeco-

975 2301 1089 2329 rum,
1132 2289 1317 2326 Tibullus
1358 2292 1669 2328 coniunctivum.

1035 2401 1099 2438 26.
1133 2405 1262 2438 nuntia
1275 2402 1410 2451 fibra)
1445 2406 1516 2439 III.
1544 2402 1604 2440 El.
1630 2406 1666 2452 4,

974 2465 1010 2501 5.
1041 2468 1214 2494 venturae
1244 2462 1375 2496 nuntia
1405 2458 1520 2509 sortis
1549 2460 1666 2498 Exta.

972 2516 1065 2562 Sup.
1092 2517 1120 2556 I,
1145 2521 1184 2559 8,
1206 2524 1244 2558 5.
1276 2515 1417 2564 conseia
1441 2515 1549 2563 fibra
1579 2517 1667 2554 deo-

969 2583 1061 2605 rum.
1119 2572 1182 2606 Est
1212 2571 1305 2606 adeo
1326 2570 1433 2618 fibra
1455 2571 1493 2607 h.
1519 2573 1547 2611 l.
1574 2587 1666 2623 pro.-

966 2627 1052 2673 prie
1074 2626 1175 2662 dicta
1196 2627 1242 2663 de
1264 2626 1464 2675 pulmonis
1488 2629 1552 2665 seu.
1575 2631 1665 2666 ieci‘

966 2683 1075 2720 noris
1088 2682 1196 2721 lobo.
1226 2685 1335 2722 Patet
1356 2695 1484 2724 autem
1507 2699 1554 2722 ex
1585 2686 1663 2722 11.1.

1555 2753 1666 2779 etlam
