1752 2974
224 170 282 213 52
663 165 871 206 ALBII
927 164 1229 207 'PIBVLLI

226 291 340 344 Tu,
381 301 552 352 puero
592 281 958 347 quodcunque
984 294 1080 333 tuo
1104 293 1301 332 tentare
1322 282 1525 341 libebit,

301 375 492 430 Ced2183
535 370 789 432 obsequio
818 371 1052 436 plurima
1075 373 1244 420 vincit
1269 387 1441 428 am<or3

1599 376 1672 432 4ο

223 464 351 512 Neu
375 476 548 509 comes
571 460 647 504 ire
669 472 847 521 neges,
887 461 1127 522 quamvis
1153 461 1241 508 via
1264 460 1421 523 longa
1444 467 1673 525 paretur,

300 553 365 597 Et
390 547 545 596 Canis
571 546 737 592 arenti
762 555 954 594 torreat
983 564 1105 595 arva
1134 545 1238 605 fiti3

224 635 479 706 Quamvis
512 645 819 697 praetexens
850 635 999 699 picea
1026 633 1297 699 ferrugine
1315 635 1521 682 caelum

299 726 585 769 Venturam
616 720 854 768 admittat
886 720 1138 769 nimbifer
1172 739 1321 770 arcus
1359 739 1560 785 aquam.

222 811 317 860 Vel
353 807 388 857 fi
425 810 689 857 caeruleas
714 810 885 874 puppi
910 810 1059 857 volet
1078 811 1157 857 ire
1179 826 1275 875 per
1302 809 1486 868 undas,

1600 813 1670 871 45

295 895 408 963 Ipse
439 898 614 944 levem
650 914 797 944 remo
830 913 924 961 per
947 896 1077 945 freta
1098 898 1238 965 pelle
1260 907 1422 944 ratem
1437 914 1452 955 3

219 988 336 1037 Nec
371 996 421 1033 te
446 986 716 1050 poeniteat
743 984 906 1033 duros
928 984 1135 1034 subiisse
1159 984 1382 1042 labores,

296 1077 403 1124 Aut
440 1089 599 1136 opere
632 1071 860 1121 insuetas
897 1073 1157 1122 atteruiffe
1181 1090 1397 1130 manus3

218 1161 362 1216 Nee,
402 1159 532 1206 velit
568 1157 771 1207 insidiis
806 1161 930 1209 altas
968 1161 1004 1209 fi
1031 1161 1273 1209 claudere
1298 1160 1477 1216 valles,

295 1249 443 1296 Dum
474 1246 705 1312 placeas,
743 1246 958 1294 humeri
987 1248 1116 1296 retia
1136 1244 1273 1294 ferre
1294 1256 1502 1310 negent.

278 1475 344 1513 59.
373 1465 436 1500 De
460 1474 666 1512 praecepto
682 1473 818 1511 quarto
838 1463 914 1498 fine

220 1521 360 1569 copula
398 1524 463 1555 :sut
491 1519 660 1556 formula
691 1519 916 1555 transeundi

220 1578 391 1616 adiecto,
438 1577 612 1625 itemque
650 1577 696 1610 de
727 1584 793 1619 51.
832 1575 914 1612 vid.

221 1633 330 1669 Obss'.
352 1633 399 1667 ad
418 1635 459 1674 Ι,
484 1641 528 1677 5,
550 1641 616 1676 25.
647 1633 714 1668 W.

280 1741 349 1779 40.>
376 1736 438 1769 De
469 1734 548 1769 hoc
583 1734 770 1782 obsequio
799 1746 914 1769 nemo

221 1792 376 1827 doctius
408 1792 486 1838 egit
514 1803 629 1838 quam
651 1790 915 1838 nequitiarum

219 1849 397 1896 :magister
423 1849 506 1882 Art.
528 1848 586 1887 11,
609 1856 698 1889 177.
722 1847 798 1894 sqq.

278 1945 345 1984 42.
376 1938 494 1973 arenti
512 1935 675 1987 ——fiti)
694 1936 812 1977 aestu,
844 1938 913 1985 qui

222 1995 336 2035 facit,
366 2004 410 2028 ut
443 2007 530 2030 arva
563 2004 700 2028 areant.
743 1995 792 2030 H.
852 1995 911 2030 Ab

221 2050 452 2086 hominibus
472 2050 590 2086 verba
612 2050 811 2091 translata,
844 2051 915 2099 qui

213 2106 282 2158 fici
319 2115 502 2142 torrentur
535 2106 573 2141 li.
610 2119 640 2140 e.
683 2118 913 2149 exuruntur,

222 2175 391 2211 quorum
413 2161 498 2211 fitis
525 2176 630 2198 arens
655 2163 757 2210 apud
792 2162 911 2200 Ovid.

221 2219 384 2254 Heroid.
416 2219 493 2260 IV,
525 2226 616 2266 ¹44·
644 2229 680 2254 et
697 2218 798 2269 ficca
817 2220 912 2255 dici·

222 2285 299 2312 tur.
330 2276 396 2312 W.

279 2370 345 2411 45.
376 2363 443 2412 44.
485 2368 592 2413 picea
623 2364 780 2414 ferrugo
827 2367 913 2404 sunt

224 2421 323 2457 atrae
353 2422 441 2457 istae
469 2422 612 2463 nubes,
654 2423 797 2470 quibus
831 2436 911 2459 cae-

222 2477 309 2512 lum
340 2469 560 2514 Obdueitur.
592 2478 764 2526 nimbifer
794 2493 907 2522 arcus,

222 2534 318 2574 iris,
386 2536 551 2570 admittit
596 2549 730 2585 aquam
781 2547 909 2572 ventu-

220 2604 300 2624 ram
320 2615 330 2629 ,
396 2591 571 2639 pluviam
641 2593 909 2628 imminentem

220 2647 437 2689 concitare,
486 2649 694 2685 accelerare
738 2649 909 2686 videtur.

221 2701 268 2735 cf.
297 2702 402 2739 Obfr.

1605 1256 1674 1299 50

1621 1330 1675 1378 Si

1038 1469 1106 1511 45.
1151 1465 1218 1500 Vel
1242 1464 1304 1514 fi)
1347 1463 1485 1499 Oratio
1515 1461 1673 1497 variata.

982 1522 1136 1556 Poterat
1169 1533 1239 1568 per
1261 1519 1490 1569 particulam
1512 1532 1581 1553 neu
1602 1520 1673 1552 sm-

982 1577 1090 1625 gulas
1129 1577 1305 1624 obsequii
1346 1586 1473 1625 partes
1515 1575 1672 1610 subiun-

983 1647 1084 1681 gere.
1115 1633 1160 1668 cf.
1182 1635 1217 1673 I,
1246 1644 1293 1668 10
1309 1660 1319 1674 ,
1341 1642 1404 1677 25.
1436 1633 1501 1666 W.

1043 1698 1105 1734 47.
1128 1690 1206 1725 Nec
1225 1698 1259 1724 te
1277 1690 1489 1737 poeniteat)
1521 1687 1674 1728 1nf.111‚

984 1752 1029 1791 4,
1060 1745 1126 1789 65.
1373 1790 1376 1799 Ι

1039 1803 1173 1839 Saevus
1211 1803 1330 1838 Amor
1367 1803 1492 1836 ‹locuic
1526 1800 1674 1837 validos

1204 1867 1345 1894 tentare
1368 1858 1536 1896 labores;

1093 1916 1228 1951 Saevus
1248 1916 1364 1950 Amor
1380 1915 1506 1949 docuit
1523 1914 1674 1950 verbera

1199 1970 1303 2021 poffe
1323 1973 1416 2019 pati.
1477 1971 1542 2005 W.

1036 2032 1103 2072 48.
1135 2028 1271 2077 opere)
1292 2026 1472 2075 Intellige
1487 2025 1673 2062 rusticum

983 2096 1092 2134 opus.
1121 2084 1191 2118 Inf.
1217 2084 1274 2119 El.
1300 2096 1347 2131 9,
1372 2091 1409 2128 8.

1098 2140 1153 2177 Et
1194 2142 1322 2176 (lurum
1365 2150 1484 2176 terrae
1522 2135 1671 2187 rusticus

1259 2206 1365 2244 urget
1394 2210 1496 2243 opus.

1037 2260 1104 2304 49.
1142 2254 1305 2303 inficliis)
1346 2254 1551 2302 indagine,
1590 2252 1672 2301 pla·

980 2311 1051 2360 gis.
1076 2312 1122 2347 cf.
1151 2311 1254 2346 Obff.
1281 2311 1437 2345 Prorsus
1458 2309 1579 2344 simile
1601 2308 1670 2344 ob-

978 2369 1153 2416 sequium
1195 2368 1241 2403 de
1283 2367 1315 2401 fe
1356 2367 1551 2414 praedicat
1593 2364 1669 2400 Oe-

977 2438 1080 2460 none
1102 2424 1202 2473 apud
1226 2423 1345 2460 ovid.
1366 2424 1498 2471 Ep.V,
1525 2433 1587 2469 ¹9·
1604 2430 1671 2455 20.

977 2481 1025 2516 ad
1056 2481 1230 2516 Paridem
1250 2496 1258 2515 ι

1032 2538 1145 2578 Retia
1185 2537 1300 2586 saepe
1347 2548 1464 2571 comes
1516 2534 1668 2569 maculis

1199 2591 1368 2641 distincta
1392 2592 1555 2629 tetendi,·

1092 2651 1211 2699 Saepe
1248 2652 1338 2684 citos
1376 2650 1436 2695 egi
1473 2661 1538 2696 per
1577 2647 1666 2694 iuga

1198 2706 1314 2753 longa
1340 2716 1457 2741 canes-

1589 2756 1664 2795 Sea
