1752 2974
83 160 155 188 ΧΙΙ
431 150 923 187 PRA1⁴211¹AT10Nles
963 151 1195 188 IJEYNII.

195 260 409 302 Intactam
444 260 497 300 ab
528 260 654 301 ,initio
686 259 949 314 reliqueram
984 261 1182 303 criticam
1208 259 1529 317 libripartem3

79 344 186 371 mox
222 338 368 372 tamen
407 331 523 371 inter
556 330 791 383 legendum
836 330 1158 384 intelligebam,
1209 331 1531 373 retractandam

80 400 190 441 mihi
212 403 291 442 esse
313 409 354 441 ct
373 400 498 448 lianc,
531 399 723 455 primum
743 399 856 454 quod
879 415 950 441 nie
971 401 1182 456 scaligeri
1205 408 1245 442 et
1267 400 1533 442 ‚Bi-oukhufii

81 470 349 518 auctoritati,
391 470 462 510 etsi
493 468 545 509 ab
573 482 620 506 ea
648 467 730 508 iam
764 477 862 511 ante
885 470 929 511 in
961 471 1110 512 multis
1132 470 1236 512 locis
1262 472 1531 520 recefferam,

80 539 268 581 nimium
299 546 447 580 tamen
480 537 526 577 in
554 536 648 576 aliis
681 537 920 580 etiamnum
955 541 1147 582 tribuiffe
1179 534 1404 585 videbaim
1437 547 1530 579 tum

80 610 197 664 quod
231 609 277 650 in
305 605 500 650 lectionis
534 604 812 649 Tibullianae
840 608 1057 660 tontibus,
1103 618 1146 652 et
1175 610 1330 651 rivulis
1362 624 1532 666 vpropa--

79 674 214 734 gatis,-
232 678 476 735 superiores
496 674 758 732 interpretes
781 678 998 734 sequutuS,
1026 682 1204 736 prorsus
1226 680 1530 721 caecutieram.

77 749 218 790 Erant
251 748 365 789 enim
394 759 512 786 nunc
539 745 594 786 ad
616 760 799 788 manum
825 747 1038 790 editiones
1061 750 1208 806 plnres
1229 758 1420 799 veteres,
1460 748 1532 789 in·-

78 833 164 873 que
184 817 252 858 his
278 815 534 864 vicentina,
587 815 791 872 inprimis
824 824 972 860 autem
1003 817 1299 868 Aldinarum,
1337 825 1386 859 ut
1405 818 1532 873 Gry-

76 887 285 944 phianas,
326 884 614 926 Colinaeanas
645 892 687 926 et
716 885 1014 929 Plamzinianas
1044 895 1237 939 taceam,
1281 896 1532 945 apparatus,

75 957 150 1011 qui
173 956 219 996 in
232 954 387 1012 priore
407 955 657 996 recensione
680 970 778 997 cum
803 959 956 1000 ceteris
980 957 1202 1007 defuerat3
1231 958 1382 999 aderat
1400 957 1533 999 etiam

78 1026 220 1067 maior
240 1025 305 1066 rei
326 1024 503 1066 criticae
526 1026 636 1076 usus,
668 1034 717 1067 ut
735 1028 933 1069 lectionis
955 1028 1236 1069 Tibullianae
1259 1035 1300 1068 et
1324 1025 1531 1068 carminis

74 1111 156 1153 per
177 1095 346 1136 codices
370 1102 412 1135 et
435 1094 646 1136 editiones
666 1097 896 1154 propagati
927 1096 1236 1139 vieisfitudines
1265 1105 1305 1138 et
1333 1097 1532 1138 fortunas

74 1179 195 1207 nunc
226 1164 410 1220 sagacius
446 1165 654 1220 indagare
684 1170 861 1224 poffem.
921 1169 1115 1225 Exposui
1145 1168 1211 1209 rei
1234 1169 1450 1208 summam
1484 1167 1532 1208 in

74 1235 458 1286 commentatione,
475 1235 851 1292 huicpraefamini
871 1238 1070 1288 subiecta,
1094 1237 1326 1279 deTibulli
1343 1236 1531 1278 lectione

73 1308 147 1348 seu
170 1294 390 1346 contexto.
428 1304 498 1346 De
520 1307 693 1361 fingulis
717 1316 859 1349 autem
886 1307 1144 1349 lectionibus
1165 1307 1211 1348 in
1232 1307 1404 1362 fingulis
1424 1306 1532 1348 locis

73 1383 145 1417 aut
167 1376 335 1417 mutavi
354 1374 527 1432 priores
548 1376 868 1419 observationes
884 1411 896 1427 ‚
924 1386 998 1419 aut
1019 1393 1156 1419 novas
1181 1393 1236 1420 ex
1254 1393 1371 1418 nova
1387 1377 1532 1418 libro·-

69 1461 173 1488 rum
203 1445 537 1503 comparatione
563 1448 761 1487 subnatas
791 1447 1005 1489 subtexui.
1066 1448 1389 1489 Corvinianum
1418 1462 1531 1502 quo-

75 1531 161 1573 que
180 1530 300 1557 nunc
323 1515 554 1557 Tibullum
576 1515 756 1557 adhibui
776 1531 876 1557 cum
897 1517 1108 1558 varietate
1131 1516 1330 1559 lectionis
1360 1533 1384 1558 a
1404 1518 1531 1559 docta

73 1601 210 1628 manu
241 1585 383 1627 veteri
412 1584 596 1626 editioni
617 1585 880 1628 Vicentinae
909 1588 1146 1644 adscripta,
1188 1595 1230 1628 et
1259 1602 1360 1629 cum
1391 1588 1476 1629 alia
1505 1603 1532 1630 a

69 1657 159 1698 lac.
188 1654 329 1698 Tollii
365 1671 501 1697 manu
542 1655 762 1712 profecta,
807 1658 861 1699 de
896 1672 981 1712 qua
1006 1657 1053 1698 in
1076 1657 1230 1699 eadem
1256 1665 1531 1699 commenta—

73 1727 195 1767 tione
215 1724 371 1767 monui
391 1725 664 1781 diligentius:
698 1727 745 1767 in
767 1742 852 1782 qua
873 1727 1056 1768 omnino
1076 1726 1130 1767 de
1148 1734 1239 1768 toto
1259 1727 1343 1768 hoc
1353 1742 1530 1783 genere,

77 1797 218 1851 deque
250 1794 512 1837 editionibus
547 1795 751 1852 inprimis
781 1796 952 1838 Tibulli
992 1798 1062 1852 egi
1091 1798 1233 1838 multo
1270 1799 1529 1849 accuratius,

79 1880 214 1921 qnam
245 1865 354 1906 olim
383 1881 408 1907 a
433 1881 505 1907 me
535 1865 632 1907 fieri
662 1865 817 1923 potuit.
876 1867 1023 1917 Nam,
1052 1874 1229 1924 praeter
1247 1882 1368 1919 eam,
1398 1883 1532 1924 quam

82 1936 189 1990 1472
210 1943 434 1978 exaratam
456 1943 722 1989 memorant,
750 1936 828 1977 vix
848 1937 939 1978 ulla
962 1938 1022 1979 est
1041 1937 1173 1979 editio
1185 1936 1370 1988 Tibulli,
1398 1953 1531 1994 quam

75 2020 171 2049 non
193 2012 266 2047 aut
287 2005 397 2048 olim
420 2014 495 2048 aut
514 2021 632 2048 nunc
652 2006 918 2064 inspexerim
932 2038 944 2059 ‚
974 2014 1017 2048 et
1035 2007 1165 2064 lectio
1197 2007 1316 2051 unde
1347 2007 1532 2050 deducta

77 2077 147 2126 fit,
176 2075 548 2130 investigaverim.
615 2077 736 2129 Nee,
778 2085 828 2118 ut
856 2076 1011 2119 Vitam
1041 2077 1212 2119 Tibulli
1244 2085 1532 2121 retractarem

75 2153 121 2187 et
148 2145 271 2188 vanis
304 2145 634 2187 ariolationibus
665 2147 837 2189 resectis
876 2163 949 2199 ea,
998 2163 1109 2204 quae
1131 2162 1241 2198 cum
1270 2146 1359 2189 fide
1388 2148 1534 2204 aliqua

78 2215 166 2258 dici
187 2218 380 2273 possunt,
407 2216 731 2272 relinquerem,
761 2217 814 2259 ab
836 2217 978 2259 officio
1003 2217 1109 2260 boni
1137 2217 1390 2274 interpretis
1423 2219 1532 2260 alie-

77 2301 189 2328 num
207 2288 287 2327 effe
306 2286 484 2343 putavi:
515 2301 602 2342 quo
625 2287 808 2329 omnino
828 2288 888 2330 ita
907 2303 980 2329 me
1000 2286 1255 2330 defunctum
1278 2290 1360 2330 effe
1379 2288 1533 2338 velim,

77 2364 127 2397 ut
148 2356 462 2407 adolescentes,
494 2357 636 2412 quiin
657 2357 742 2399 hoc
760 2372 924 2414 genere
955 2358 1123 2400 virium
1150 2360 1327 2400 suarum
1354 2358 1533 2416 pericu·-

77 2426 172 2468 lum
193 2426 338 2470 facere
355 2428 535 2479 volunt,
564 2427 753 2469 habeant
778 2428 1056 2486 exemplum,
1084 2443 1170 2485 quo
1197 2428 1253 2470 ad
1282 2428 1367 2469 alia
1393 2442 1533 2484 eaque

76 2498 284 2553 graviora
312 2498 540 2540 tractanda
569 2498 633 2540 uti
663 2498 830 2555 poffint.
1241 2531 1248 2544 „

192 2568 286 2612 Ser.
307 2570 356 2612 in
376 2567 571 2626 Georgia
591 2565 788 2624 Augusta
814 2568 857 2612 d.
880 2580 946 2612 v1.
967 2568 1080 2614 Maii
1099 2579 1446 2614 cmmccmtxv.

1453 2779 1529 2817 DE
