1752 2974
446 145 558 181 MR.
599 141 675 180 IV.

114 258 458 322 Candidaque
488 255 707 303 hamatis
742 270 894 301 crura
932 262 1113 300 notare
1142 253 1324 301 rubis?

751 140 934 177 CARM.
977 141 1060 179 ΙΙΙ.

1400 139 1477 197 257

1411 274 1476 304 10

40 347 362 401 Sed'tamen‚
407 352 467 406 ut
484 352 658 389 tecum
682 341 859 398 liceat,
900 341 1176 398 Cerinffle,
1214 342 1406 406 vagari,

116 432 226 499 Ipsa
259 448 357 496 ego
395 445 489 499 per
526 439 731 476 montes
766 431 894 476 retia
925 439 1058 477 torta
1094 427 1259 476 feram
1271 446 1285 487 ;

38 515 148 586 Ipsa
182 536 279 582 ego
307 517 505 565 velocis
535 530 780 577 quaeram
810 514 1024 579 vestigia
1057 516 1216 572 cervi,

113 610 177 655 Et
210 605 413 652 demam
453 603 610 650 celeri
640 601 808 650 ferrea
841 603 1017 649 vincla
1050 604 1179 652 cani.

1370 603 1475 671 (¹5

18 695 19 698 ’
38 695 191 740 Tunc
205 691 357 748 mihi,
379 700 506 738 tunc
520 690 756 754 placeant
770 688 945 745 silvae,
966 687 1022 745 si,
1041 690 1134 737 lux
1152 706 1281 748 mea,
1302 700 1478 739 tecum

113 781 316 843 Arguat
348 787 466 825 ante
498 775 631 841 ipsas
665 774 1000 825 concub-uisse
1032 777 1221 841 plagas.

37 870 195 915 Tunc
229 867 410 912 veniat
440 864 564 911 licet
597 863 662 911 ad
693 861 869 920 caffes,
914 862 1121 913 illaesus
1148 865 1326 919 abibit,

112 953 200 1001 Ne
236 953 453 1000 Veneris
488 950 710 1015 cupidae
740 949 933 1015 gaudia
968 951 1171 1009 turbet,
1227 969 1364 1017 aper.

37 1040 201 1088 Nunc
226 1037 335 1087 sine
363 1056 447 1087 me
469 1037 533 1086 sit
558 1039 706 1085 nulla
733 1041 911 1086 Venus
928 1075 941 1094 ,
980 1036 1068 1086 sed.
1095 1040 1207 1104 lege
1229 1042 1443 1097 Dianae,

115 1125 261 1176 Caste
291 1143 453 1191 puer,
519 1124 648 1172 casta
679 1127 809 1172 retia
842 1124 1000 1172 tende
1033 1143 1243 1185 mamm«

1412 1143 1483 1177 20

38 1217 103 1263 Et
132 1229 480 1277 quaecunque
508 1229 629 1260 meo
659 1210 846 1259 furtim
876 1210 1121 1276 subrepet
1149 1215 1332 1272 amori,

111 1298 312 1348 Incidat
348 1301 407 1348 in
442 1298 615 1348 saevas
648 1298 947 1364 diripienda
984 1299 1131 1350 feras.

101 1546 163 1570 10.
197 1533 357 1569 hamatis
389 1547 491 1567 crura
518 1542 649 1568 notare
672 1548 730 1567 ru-

41 1590 120 1636 bis)
153 1592 322 1634 Notare,
367 1600 577 1624 cruentare.
638 1592 729 1623 Pro-

38 1646 124 1694 prie
148 1645 334 1692 exprimit
355 1643 478 1679 sulcos
511 1655 546 1679 et
579 1644 729 1679 cicatri-

40 1714 124 1740 ces,
165 1713 259 1748 quae
283 1700 325 1734 in
350 1710 436 1734 cute
461 1699 649 1748 discerpta
672 1713 731 1734 re·

39 1767 214 1795 manent,
256 1767 300 1790 ut
320 1754 438 1791 ovid.
468 1757 498 1789 1.
523 1759 610 1790 Am.
634 1766 668 1799 7,
692 1764 729 1799 5.

42 1826 163 1860 ungue
193 1820 324 1846 notare
349 1824 475 1858 genas.
527 1812 589 1846 Sic
620 1821 731 1846 notae

40 1868 82 1902 in
101 1867 203 1902 collo
228 1867 328 1915 apud
349 1867 556 1902 Horatium
578 1878 614 1902 et
635 1867 733 1902 Ovi-

42 1924 150 1958 dium
171 1924 256 1958 sunt
275 1923 431 1971 vestigia
452 1923 576 1958 dentis
596 1925 636 1958 in
655 1923 734 1958 len-

42 1990 78 2015 ta
101 1990 201 2014 cute.

101 2059 165 2081 ιι.
198 2054 237 2081 ut
259 2047 311 2090 t.)
343 2046 569 2083 dummodo.
619 2060 734 2093 vaga-

41 2104 98 2140 ri,
138 2114 206 2149 per
240 2100 350 2137 [altus
386 2113 423 2137 et
451 2102 583 2142 silvas,
626 2103 733 2151 quod

43 2157 135 2193 alias
162 2157 280 2192 adiici
305 2157 406 2193 solet.

105 2233 166 2257 12.
199 2225 294 2259 retia
319 2224 440 2271 torta)
471 2225 561 2272 quia
583 2236 629 2258 ex
652 2223 732 2261 filis

43 2280 180 2320 tortis,
234 2279 311 2314 sive
347 2293 392 2315 ex
423 2281 506 2315 lino
538 2291 641 2315 torto
672 2281 734 2316 seu

44 2336 216 2372 cannabi.
291 2337 343 2370 Ad
378 2337 599 2372 sententiam
633 2336 731 2371 cons.

43 2392 122 2439 sup.
148 2393 178 2432 I,
201 2398 237 2434 4,
261 2400 327 2434 50.
368 2393 445 2427 Nec
466 2413 519 2420 —
543 2393 638 2426 Dum
656 2392 737 2440 pla-

46 2461 146 2488 ceas,
190 2449 328 2483 humeri
348 2451 439 2483 recia
463 2449 566 2496 ferre
589 2457 734 2496 negent.

0 2533 1 2538 ,
43 2505 217 2551 Propert.
251 2506 310 2543 ΙΙ,
350 2513 417 2547 ι5,
463 2515 522 2547 17.
564 2503 644 2551 lpse
668 2517 736 2550 ego

0 2549 1 2563 ¹
45 2560 209 2594 venabor
240 2570 307 2594 etc.
344 2572 380 2595 et
412 2561 575 2595 similem
604 2559 735 2594 locum

46 2615 236 2651 Phaedrae
290 2617 334 2651 ad
380 2617 645 2666 Hippolytum
695 2616 736 2650 in

0 2685 5 2697 ν
47 2669 166 2706 Ovid.
194 2671 309 2721 Epist.
344 2681 380 2719 4,
415 2682 479 2717 57.
510 2674 589 2721 sqq.
623 2683 659 2707 et
690 2675 738 2706 de

1422 1391 1491 1438 At

797 1534 945 1568 Venere
985 1546 1073 1569 cum
1112 1533 1285 1569 Adonide
1326 1548 1488 1583 vagante

796 1590 843 1625 X.
887 1591 981 1624 Met.
1015 1598 1108 1632 533.
1142 1591 1220 1638 sqq.
1258 1592 1306 1625 H.
1395 1596 1490 1627 retia

800 1653 910 1681 torta.
970 1647 1107 1682 Horat.
1138 1647 1169 1684 Ι,
1202 1659 1235 1687 1,
1261 1653 1323 1690 28.
1359 1657 1488 1682 teretes

797 1701 932 1749 plagas
953 1701 1066 1742 dixit,
1097 1700 1168 1736 ubi
1185 1703 1265 1737 vid.
1280 1703 1491 1741 Mitscherh

799 1758 863 1793 W.

865 1813 925 1849 16.
957 1815 1084 1848 Docte
1107 1812 1254 1848 dictum
1274 1826 1369 1862 puta
1391 1829 1485 1863 pro:

799 1870 1033 1917 requiescam
1057 1880 1185 1904 tecum
1205 1870 1247 1904 in
1272 1872 1492 1917 propatulo,

800 1926 842 1960 in
887 1926 1029 1973 aprico.
1072 1927 1119 1961 H.
1201 1926 1490 1973 Comparandus

803 1982 852 2016 est
874 1981 981 2016 locus
1003 1980 1151 2017 Tibull.
1172 1983 1220 2021 ΙΙ,
1238 1991 1276 2024 5,
1299 1992 1363 2022 71.
1395 1985 1460 2019 W.

863 2055 925 2094 18.
973 2049 1032 2083 Ne
1072 2048 1116 2084 V.
1151 2067 1201 2076 -·
1233 2049 1382 2097 turbet)
1434 2052 1494 2086 iu-

800 2105 904 2141 versa
946 2105 995 2139 est
1037 2105 1160 2139 oratio
1199 2118 1272 2153 pro
1312 2106 1488 2154 vulgari:

802 2160 924 2195 amori
946 2160 1073 2195 nostro
1097 2172 1272 2196 vacantes
1302 2165 1494 2209 patiemur

802 2229 889 2251 eum
911 2216 1081 2252 illaesum
1103 2216 1231 2257 abire,
1263 2231 1310 2252 ne
1339 2218 1382 2253 in
1412 2233 1491 2254 me·-

803 2272 869 2307 dio
929 2273 1038 2307 cursu
1097 2273 1302 2308 turbentur
1352 2275 1492 2322 gaudia

802 2329 936 2363 nostra.
961 2331 1008 2363 H.
1058 2329 1146 2364 Vid.
1170 2329 1214 2363 ad
1231 2329 1489 2378 Virg.Eclog.

805 2385 874 2425 ΠΙ,
905 2392 968 2432 74.
1000 2392 1063 2427 75.
1094 2386 1158 2420 W.

864 2461 927 2487 21.
953 2451 1127 2499 subrepet
1152 2453 1289 2494 amori)
1323 2464 1492 2488 amorem

804 2507 914 2542 mihi*
942 2508 1118 2543 debitum
1154 2509 1398 2556 intercipiet,
1448 2509 1494 2542 ad

803 2563 838 2597 sc
862 2574 1016 2599 avertet.

862 2629 924 2656 22.
957 2620 1100 2654 incidat
1124 2622 1239 2664 caet.)
1283 2620 1422 2656 Gavis
1446 2620 1496 2656 est

803 2675 1007 2711 sententiae
1031 2677 1272 2717 enuntiatio;
1302 2688 1493 2726 precatur,

930 2734 964 2767 R
1453 2742 1496 2767 ut
