1752 2974
249 118 331 176 196

725 120 906 158 ALBII
945 118 1211 183 TIBVlaLI

247 240 315 286 Et
342 237 589 303 *primum
626 235 824 286 annoso
858 234 1100 302 spargant
1140 234 1361 284 collecta
1393 238 1594 302 Lyae0‚

326 329 462 375 Mox
488 327 646 373 etiam
670 325 832 372 niveo
857 322 1085 372 fundere
1114 324 1245 372 lacte
1274 335 1480 390 parent,

1634 339 1703 375 20

249 411 371 462 Post
404 414 531 460 haec
569 409 819 460 carbaseis
859 412 1147 462 humorem
1187 413 1375 462 tollere
1403 412 1560 470 velis,

330 504 502 562 Atque
542 501 601 547 in
630 516 924 549 marmorea
962 515 1163 566 ponere
1205 497 1338 548 sicca
1370 499 1554 549 domo.

250 587 412 645 Illae,
475 604 604 653 quas
637 589 801 636 mittit
839 588 990 636 dives
1013 589 1268 638 Panchaia
1299 604 1519 646 merces,

329 676 540 738 Eoique
576 676 768 726 Arabes
784 714 798 735 ,
859 677 1074 742 pinguis
1104 685 1156 724 et
1187 674 1403 741 Assyria,

250 766 316 813 Et
335 762 499 813 nostri
520 781 782 813 memores
800 765 1043 813 lacrimae
1060 762 1360 813 fundantur
1377 761 1592 822 eodenu
1637 777 1664 811 2
1676 774 1705 822 5
1751 777 1752 806 l

331 854 413 901 Sic
449 869 547 918 ego
579 854 861 918 componi,
922 850 1105 901 versus
1138 854 1197 901 in
1230 850 1358 910 offa,
1411 851 1592 900 velim.

255 941 358 991 Sed
386 940 586 991 tristem
615 942 804 991 mortis
835 938 1160 990 demonstret
1188 941 1362 990 littera
1395 935 1635 998 caussam,

318 1177 379 1213 19.
405 1161 589 1212 spargant
616 1183 671 1191 -—
702 1163 866 1213 Lyaeo)
902 1161 950 1197 cf.
990 1169 992 1172 ’

255 1222 484 1258 Kirchman.
507 1219 530 1255 l.
552 1219 577 1254 l.
592 1219 674 1268 qui,
694 1230 738 1254 ut
760 1231 796 1255 et
818 1219 951 1255 Dousa

253 1278 426 1314 Praecid.
479 1290 510 1311 e.
565 1288 625 1311 10.
675 1276 776 1311 male
825 1275 951 1322 legem

256 1338 433 1374 Numae,
469 1340 600 1380 rogum
629 1335 716 1367 vino
740 1346 785 1366 ne
814 1330 951 1378 resper-

254 1396 358 1442 gico,
390 1391 467 1425 huc
486 1390 672 1423 referunt.
712 1387 852 1435 Agitur
871 1386 950 1426 hic,

255 1462 337 1485 non
359 1447 405 1481 de
426 1445 538 1493 rogi,
571 1445 634 1479 sed
666 1444 711 1479 de
743 1443 883 1478 cineris
916 1452 953 1477 et

258 1505 395 1541 offium
440 1501 700 1550 adspersione;
761 1512 858 1547 quae
905 1499 952 1533 ad

255 1561 492 1609 religionem
540 1557 702 1605 quidem
748 1555 952 1604 spectabat,

257 1632 375 1667 quam
399 1628 526 1652 tamen
551 1625 648 1649 teter
681 1612 780 1647 odor
812 1610 952 1646 ustula-

256 1686 389 1711 torum
410 1672 545 1708 offium
567 1681 604 1706 et
626 1669 768 1705 cineris
791 1667 952 1706 necessa-

256 1732 317 1767 rio
347 1728 575 1779 postulabat.

318 1798 380 1823 22.
415 1789 451 1821 in
486 1798 694 1819 marmorea
727 1802 778 1810 -—
821 1778 951 1829 domo)

255 1846 310 1881 ita
342 1842 510 1892 sepulcra
538 1851 575 1876 et
603 1849 857 1874 monumenta
886 1852 952 1886 ap-

256 1900 466 1951 pellabant.
511 1911 550 1934 V.
580 1895 757 1932 Broukh.
815 1897 861 1930 In
891 1894 952 1929 in-

255 1955 535 2005 scriptionibus
584 1952 754 1989 sollenne
800 1960 956 1993 aeterna„

256 2015 398 2050 donllbso

318 2078 380 2112 25.
413 2081 502 2119 quas
521 2068 636 2102 mittit
657 2085 708 2093 ·-—
731 2065 947 2109 Panchaia)

256 2128 373 2164 Jlslitci
396 2127 578 2160 dicuntur
607 2133 753 2158 merces
778 2121 951 2169 peregri-

256 2197 339 2219 nae.
383 2195 422 2219 v.
455 2183 636 2216 Burman.
669 2179 713 2213 ad
737 2178 854 2214 Ovid.
884 2179 948 2214 [ΙΙ.

255 2242 337 2276 Art.
359 2248 454 2283 213.
484 2238 592 2285 Virg.
625 2237 692 2272 Ge.
717 2237 745 2275 I,
771 2243 834 2280 57.

371 2297 479 2332 India
508 2295 621 2330 mittit
652 2292 747 2327 ebur.

256 2355 345 2390 illuc
365 2363 512 2392 autem,
551 2350 594 2384 in
626 2349 820 2389 cinereum
852 2361 946 2389 non,

255 2412 298 2446 in
323 2412 482 2445 domum.
516 2408 565 2442 H.
630 2404 851 2440 Huschkius
882 2420 947 2439 ne·

256 2479 321 2516 gat
370 2467 412 2500 in
453 2476 588 2500 urnam
632 2461 703 2496 effe
745 2461 946 2496 recondita

536 2519 598 2555 sed
649 2516 858 2566 sepulchris
910 2528 947 2551 et

829 2573 945 2608 Conf-

255 2533 478 2571 unguenta,

257 2581 381 2627 cippis
411 2592 449 2612 ea
482 2578 552 2612 effe
581 2575 756 2622 adspersa.

255 2637 370 2672 etiam
393 2637 534 2670 Potter.
555 2630 810 2677 Archaeolog.
834 2631 879 2665 T.
894 2631 943 2666 ΙΙ.

252 2706 292 2742 P·
319 2699 411 2737 455.
444 2690 534 2726 edit.
555 2686 762 2724 Rambach.
794 2686 861 2722 W.

991 1458 993 1460 ·
1019 1443 1290 1489 unguentaria.

1538 1030 1712 1095 Atque
1751 1038 1752 1078 1

1750 1080 1752 1122 l

1079 1167 1144 1203 25.
1170 1157 1286 1208 nostri
1307 1174 1488 1197 memores
1519 1161 1712 1209 lacrimae)
1750 1131 1752 1164 Ι

1020 1230 1114 1266 quas
1162 1218 1353 1252 memoria
1403 1228 1441 1253 et
1491 1217 1712 1253 recordatio
1750 1230 1752 1270 Ι

1019 1273 1140 1309 nostri
1162 1274 1360 1322 exprimit.
1420 1274 1488 1309 Usi
1515 1275 1600 1309 sunt
1624 1274 1662 1308 h.
1683 1274 1712 1310 l.

1019 1329 1200 1365 homines
1242 1330 1289 1365 ad
1326 1331 1411 1366 vasa
1448 1330 1708 1366 lacrimatoria

1020 1386 1377 1422 comminiscenda:
1447 1399 1537 1423 cum
1594 1386 1711 1422 essent

1079 1531 1144 1567 26.
1178 1533 1239 1567 Sie
1272 1546 1341 1581 ego
1375 1534 1571 1582 componi)
1603 1535 1710 1570 Com·

1018 1590 1111 1637 poni
1126 1588 1311 1624 dicuntur
1322 1590 1469 1626 cineres
1489 1600 1604 1638 atque
1624 1590 1712 1631 offa,

1019 1658 1132 1685 cum,
1170 1645 1332 1681 vasculis
1362 1647 1437 1682 suis
1465 1645 1631 1686 inclusa,
1667 1647 1713 1682 in

1018 1713 1321 1737 monumentum
1354 1703 1631 1739 condebantur.
1669 1716 1711 1740 v.

1017 1757 1334 1800 Broukhusium,
1378 1759 1449 1807 qui
1481 1770 1607 1795 tamen
1645 1772 1712 1795 ne-

1019 1828 1109 1863 gare
1164 1828 1246 1850 non
1293 1815 1479 1854 debebat,
1540 1818 1713 1864 componi

1021 1871 1135 1906 etiam
1165 1871 1243 1907 dici
1274 1872 1321 1907 de
1348 1872 1516 1908 mortuis
1547 1873 1589 1908 in
1614 1873 1711 1908 fere-

1019 1938 1080 1963 tro
1123 1927 1336 1964 collocatis.
1376 1941 1416 1964 v.
1457 1928 1575 1965 ovid.
1605 1930 1710 1967 XIV.

1018 1985 1116 2021 Met.
1148 1992 1241 2028 755.
1286 1995 1323 2020 et
1353 1984 1400 2020 de
1437 1995 1522 2020 toto
1554 1985 1712 2021 funebri.

1018 2051 1199 2089 apparatu
1229 2035 1472 2091 singulisque
1510 2042 1595 2078 eius
1624 2055 1709 2092 par-

1015 2097 1133 2134 tibus.

1076 2185 1141 2219 27.
1174 2173 1311 2224 tristem
1329 2176 1573 2228 —cauffam)
1597 2178 1709 2214 Caus-

1014 2234 1051 2269 sa
1090 2233 1228 2269 mortis
1273 2234 1453 2282 inscripta
1502 2234 1619 2270 titulo
1661 2249 1709 2269 ex

1014 2303 1145 2325 more:
1180 2292 1235 2334 (v.
1262 2290 1438 2326 Broukh.
1459 2290 1498 2326 h.
1521 2290 1546 2327 l.
1569 2291 1707 2326 Kirch-

1013 2359 1114 2381 man.
1144 2346 1189 2381 de
1209 2348 1305 2381 Fun.
1327 2348 1441 2381 Rom.
1463 2349 1529 2387 111,
1554 2349 1636 2389 20.)
1665 2358 1708 2382 nt

1016 2416 1064 2438 ex
1098 2413 1155 2438 tot
1181 2403 1441 2439 marmoribus
1471 2417 1530 2452 ap.
1549 2404 1705 2439 Gruter.

1016 2470 1053 2494 et
1073 2458 1170 2495 alios
1191 2469 1307 2508 patet.
1364 2460 1491 2494 Etiam
1514 2460 1556 2494 iu
1578 2470 1706 2495 morte
1742 2464 1744 2472 ¹

1012 2515 1200 2556 violenta,
1224 2529 1261 2551 v.
1276 2528 1312 2550 c.
1334 2516 1429 2554 eius,
1458 2516 1528 2563 qui
1541 2515 1612 2551 sibi
1631 2516 1706 2564 ipsi
1742 2562 1743 2566 Ἰ

1012 2585 1172 2606 manum
1195 2570 1389 2606 intulerat.
1410 2572 1460 2606 H.
1500 2573 1600 2608 Cum
1619 2585 1705 2607 ver-

1011 2629 1115 2664 [ibus
1151 2641 1175 2675 9
1199 2647 1213 2654 ·
1238 2637 1302 2670 30.
1339 2629 1513 2675 Propert.
1548 2630 1599 2668 ΙΙ,
1639 2640 1701 2670 10,
1740 2646 1742 2649 ·

1014 2693 1066 2729 27
1087 2704 1100 2711 -
1120 2685 1183 2728 36.
1216 2695 1407 2732 compara.
1438 2685 1500 2721 VV.
1740 2680 1742 2701 ⁵
