1752 2974
496 152 609 187 LIB.
647 151 707 188 II.
766 150 944 187 ELEG.
983 151 1015 187 Ι,
1403 149 1482 193 155

43 263 205 312 Nunc
230 258 368 312 mihi
387 262 622 313 fumosos
651 264 846 313 veteris
868 262 1100 330 proferte
1119 263 1367 313 Falernos

119 350 388 409 Consulis,
430 362 480 406 et
509 351 645 400 Chio
678 350 866 400 solvite
898 353 1072 402 vincla
1103 350 1250 399 cado.

39 440 173 487 Vina
197 439 339 487 diem
365 438 653 497 celebrent;
693 456 805 488 non
831 438 958 487 festa
976 441 1095 488 luce
1114 437 1324 488 madere

115 525 201 573 Est
231 525 397 574 rubor
413 562 427 583 ‚
467 537 695 575 errantes
718 537 770 574 et
792 528 927 575 male
952 525 1089 575 ferre
1110 525 1287 592 pedes..

1406 541 1477 584 50

23 612 153 669 Sed,
183 613 316 660 bene
339 610 622 670 Messalam,
654 612 745 662 sua
770 614 996 679 quisque
1023 613 1088 662 ad.
1113 615 1305 679 pocula
1325 614 1479 672 dicat,

110 701 325 749 Nomen
361 712 413 750 et
444 701 669 752 absentis
701 700 908 767 singula
936 701 1095 750 verba
1126 699 1328 751 sonent.

30 963 143 998 etiam
187 965 227 999 in
268 966 432 1013 privatis
464 968 574 1003 sacris
621 968 718 1003 exti-

28 1021 190 1068 spicium
210 1021 319 1056 fuisse
341 1023 572 1058 adhibitum.

86 1108 149 1141 27.
181 1098 352 1148 fumosos
387 1103 520 1136 veteris
547 1102 714 1150 proferte

25 1153 200 1190 Falernos
219 1154 409 1203 Confidis)
441 1158 612 1192 Falernos
639 1159 710 1193 int.

27 1209 138 1245 cados
160 1211 244 1246 vini
258 1211 420 1251 Falerni,
439 1213 618 1261 fumosos,
642 1214 711 1262 qui

24 1266 71 1300 ad
93 1277 260 1302 veterem
284 1268 575 1305 condendorum
601 1271 713 1306 vino-

23 1334 109 1357 rum
148 1335 318 1364 morem,
376 1324 467 1360 dum
508 1325 712 1361 meliorem

22 1377 269 1425 ignorabant,
311 1380 421 1417 fumo
450 1383 712 1417 maturitatem

25 1446 312 1472 contraxerunt.
326 1438 553 1473 v.Lambin.
566 1449 602 1472 et
613 1439 710 1473 Tor·

23 1499 119 1525 rent.
149 1490 194 1524 ad
219 1493 353 1527 Horat.
379 1496 443 1529 ΙΙΙ.
474 1493 548 1529 Od.
572 1499 608 1538 8,
647 1507 712 1528 11.

24 1545 124 1582 conf.
156 1547 344 1583 Demster.
379 1551 509 1584 Etrur.
553 1551 646 1597 Reg.
681 1552 711 1584 Ι.

24 1614 53 1636 c.
82 1615 143 1635 11.
180 1602 299 1639 Ovid.
319 1606 366 1643 V.
397 1606 489 1640 Fast.
515 1612 608 1647 517.

79 1658 252 1709 Quaeque
269 1674 359 1707 puer
378 1661 566 1709 quondam
581 1661 710 1709 primis

190 1714 393 1762 dzffuderal:
423 1719 536 1756 annis,

129 1771 259 1806 Prodit
271 1771 420 1822 fumoso
450 1773 602 1808 condita
620 1776 708 1808 vina

189 1827 294 1863 cado.

20 1886 149 1920 veteris
171 1883 338 1933 Consulis
370 1899 487 1924 vero,
518 1887 630 1934 quia,
662 1897 707 1922 ut

19 1951 177 1982 notum,
220 1954 338 1976 annos
365 1942 451 1976 vini
481 1956 500 1976 a
531 1942 705 1978 Consuli-

19 1996 90 2031 bus
114 1998 331 2044 computari
353 1997 484 2033 solitos
516 1999 618 2033 cadis
646 1999 706 2033 in·

21 2052 240 2088 scribebant.
278 2066 316 2088 V.
353 2055 486 2090 Horat.
521 2057 588 2091 111.
632 2053 705 2090 Od.

23 2118 87 2148 21,
124 2123 159 2143 1.

76 2191 140 2230 28.
174 2187 264 2222 Chio
290 2185 427 2234 solvice
452 2190 573 2224 vincla
595 2189 707 2235 cado)

19 2242 58 2277 h.
78 2242 232 2277 relinite
252 2243 407 2283 cadum,
439 2246 621 2281 corticem
643 2246 706 2280 ad-

18 2297 186 2333 strictum
212 2300 296 2346 pice
326 2299 532 2337 dimovete.
564 2315 601 2336 v.
623 2303 706 2337 Ho-

19 2366 86 2389 rat.
108 2357 173 2389 111.
205 2353 279 2389 Od.
302 2361 339 2398 8,
375 2368 430 2390 ιο.
461 2357 562 2395 conf.
586 2356 704 2405 Vulp.

19 2409 163 2446 Chium
181 2421 275 2445 vero
296 2424 382 2446 curn
396 2411 555 2448 Falerno
574 2414 705 2447 misce·

22 2465 131 2506 bant,
163 2466 308 2515 quippe
339 2466 502 2502 alterum
537 2469 703 2509 dulcius,

20 2519 181 2556 alterum
203 2522 399 2559 austerius.
440 2536 479 2558 v.
510 2526 643 2560 Horat.
674 2526 704 2560 Ι.

21 2578 93 2611 Sat.
118 2590 178 2617 ιο,
217 2584 280 2621 24.
313 2579 359 2614 cf.
392 2578 567 2615 Broukh.
595 2580 705 2615 Adde

18 2631 116 2667 Plin.
146 2634 250 2674 XIV,
290 2641 351 2678 ²4·
383 2636 407 2670 s.
437 2645 496 2677 17.
529 2637 579 2669 H.
645 2637 707 2671 De

22 2687 121 2722 Chio
143 2689 242 2724 inter
261 2690 418 2726 rusticos
440 2691 514 2735 iarn
540 2702 619 2726 tum
633 2692 707 2727 fse-

1291 791 1475 841 Gentis

783 977 923 1015 quente
943 965 1024 1001 vid.
1047 965 1098 1000 H.
1121 965 1293 1003 Vomum
1318 969 1364 1003 ad
1387 967 1473 1006 Vir-

782 1022 849 1070 gil.
868 1022 1003 1070 Eclog.
1025 1024 1071 1060 V,
1094 1032 1155 1064 7¹·
1178 1037 1216 1072 p.
1243 1023 1333 1068 268.
1364 1026 1429 1061 W.

841 1110 904 1147 29.
941 1100 1034 1134 Vina
1056 1101 1152 1135 diem
1173 1101 1370 1145 celebrent)
1398 1115 1471 1150 pro

778 1155 952 1203 vulgari:
995 1155 1088 1190 vino
1119 1156 1198 1190 dies
1231 1157 1469 1198 celebretur3

780 1211 1069 1259 compotatione
1140 1211 1221 1247 dies
1283 1214 1472 1263 exigatur.

780 1269 879 1302 Mox
892 1267 1049 1307 madere,
1066 1267 1271 1316 ιιῖβρὲχειν,
1292 1268 1337 1304 de
1352 1269 1470 1304 ebriis

779 1334 929 1359 notum.
959 1337 997 1358 v.
1023 1323 1128 1360 Obff.
1150 1323 1196 1358 ad
1215 1327 1243 1359 1.
1264 1324 1323 1360 El.
1353 1334 1388 1360 2.
1412 1338 1471 1372 pr.

777 1380 828 1414 H.
873 1380 1039 1414 Madere
1058 1381 1096 1416 h.
1120 1380 1145 1416 l.
1170 1381 1216 1416 de
1235 1381 1353 1417 ebriis
1374 1381 1471 1415 acci-

775 1435 901 1483 pienti
917 1448 996 1470 non
1018 1436 1217 1471 intercedo
1228 1447 1390 1485 propter
1409 1437 1473 1471 ad·

778 1492 876 1526 iecta
900 1488 949 1538 eft
969 1491 1098 1532 rubor,
1131 1501 1295 1526 errantes
1317 1500 1354 1527 et
1376 1503 1469 1527 caet.

779 1547 853 1581 Sed
885 1547 1031 1581 madere
1051 1548 1211 1595 proprie
1240 1548 1289 1582 est
1313 1547 1414 1595 large
1436 1548 1469 1582 se

777 1603 866 1637 viro
900 1602 1087 1641 invitare,
1126 1604 1186 1638 uti
1214 1604 1363 1639 uvidum
1383 1601 1465 1652 affe.

778 1658 969 1706 Compara
998 1659 1099 1694 mihi
1127 1659 1224 1696 Hor.
1250 1661 1316 1700 IV,
1340 1667 1378 1702 5,
1400 1668 1466 1702 57.

776 1715 897 1760 Satyr.
923 1715 974 1754 Ιῐ,
1005 1729 1039 1753 1,
1069 1727 1107 1763 9.
1158 1714 1306 1751 Tibull.
1336 1717 1395 1753 11,
1429 1721 1466 1758 5,

774 1776 841 1813 37.
872 1769 981 1804 Adde
1005 1770 1149 1807 Platon.
1180 1773 1352 1819 Sympos.
1375 1771 1468 1818 cap.

773 1829 815 1861 4:
849 1825 928 1861 Καὶ
954 1825 1025 1875 γὰρ
1056 1824 1165 1868 αὖτός
1185 1826 1259 1874 εἶμι
1279 1827 1347 1863 τῶν
1370 1827 1466 1872 χθὲς

772 1884 1092 1931 βεβαπτισμένων,
1122 1884 1158 1920 h.
1181 1898 1212 1922 e.
1248 1898 1293 1921 ex
1324 1885 1373 1920 iis
1397 1885 1464 1932 qui

773 1942 861 1977 heri
882 1939 987 1989 large
1011 1941 1109 1977 vino
1132 1942 1166 1976 se
1189 1942 1462 1979 invitaverant.

771 2000 837 2034 W.

831 2063 897 2097 51.
929 2052 1017 2088 bene
1048 2051 1279 2102 Meffalam)
1317 2054 1363 2089 sc.
1402 2066 1463 2089 va-

772 2110 875 2149 lere,
927 2122 1009 2144 rem
1038 2123 1169 2158 gerere
1204 2121 1352 2158 precor.
1379 2109 1457 2147 vid.

772 2165 945 2202 Broukh.

832 2253 897 2288 52.
919 2243 1073 2293 singula
1084 2243 1212 2289 verba)
1232 2245 1377 2280 dictum
1399 2256 1462 2280 aut

773 2301 978 2351 proverbii
995 2313 1117 2341 more,
1149 2301 1220 2348 qui
1239 2301 1355 2337 nobis
1367 2313 1460 2350 quo-

775 2371 850 2406 que
873 2357 943 2397 est,
984 2367 1027 2391 ut
1056 2356 1216 2406 singulis
1242 2357 1374 2393 verbis
1399 2357 1463 2392 ad-

772 2414 891 2452 iecta,
930 2413 1007 2448 hoc
1041 2413 1111 2452 est,
1153 2413 1299 2462 saepius
1330 2414 1461 2448 iterata

772 2468 918 2504 dicatur
955 2468 1132 2504 Messalae
1176 2470 1350 2507 mentio,
1395 2479 1461 2504 aut

773 2535 816 2560 ut
838 2523 991 2574 singula
1018 2525 1128 2560 verba
1158 2525 1250 2559 sint:
1291 2524 1459 2573 [iugulo-

772 2594 859 2616 r-um
901 2580 1039 2620 verbm
1091 2591 1285 2628 quotquot
1329 2581 1461 2615 adsunt

773 2638 981 2676 convivae,
1023 2635 1214 2672 Mcffalam
1243 2636 1370 2671 valere
1401 2636 1459 2670 iu·

773 2691 899 2728 beant.
