1752 2974
182 145 236 191 1.⁰
628 129 826 172 ALBII
883 130 1182 173 TIBVLLI

175 250 379 298 Fictilia
410 249 661 313 antiquus
697 239 936 313 primum
969 246 1065 296 sibi
1101 247 1227 297 fecit
1261 248 1485 315 agrestis·

254 338 476 394 Pocula,
517 337 582 384 de
614 335 757 383 facili
789 334 1194 401 composuitque
1227 337 1359 385 luto.
1553 343 1628 401 40

175 427 306 476 Non
334 442 433 491 ego
457 424 668 472 divitias
694 431 905 487 patrum
935 420 1250 489 fructusque
1277 425 1511 489 requiro,

251 518 400 581 Quos
429 511 553 559 tulit
578 510 800 573 antiquo
826 501 1039 558 condita
1059 511 1221 561 mellis
1242 529 1344 561 avo
1364 529 1377 560 ε

174 604 342 650 Parva
373 598 515 662 seges
548 595 667 646 satis
700 594 796 655 eft;
846 595 964 646 satis
996 597 1092 656 est,
1128 599 1454 665 requiescere
1489 600 1628 650 lecto

251 690 304 736 Si
337 687 487 743 licet,
527 696 580 733 et
610 684 766 734 solito
790 685 1027 733 membra
1052 685 1248 736 referre
1271 699 1405 737 toro.

176 781 343 845 Quam
366 775 516 821 iuvat
535 774 765 821 immites
788 783 978 822 ventos
1005 772 1190 822 audire
1217 777 1513 833 cubantem,
1553 779 1626 839 45

248 865 315 912 Et
343 860 616 911 dominam
641 871 825 910 tenero
857 858 1137 910 detinuiffe
1164 860 1306 921 [inu;

172 1120 268 1156 quae
302 1120 399 1155 pura
434 1116 470 1142 et
496 1104 587 1140 casta
605 1104 784 1153 requirit.
815 1106 867 1141 II.

170 1163 349 1199 Similem
394 1161 525 1197 locum
567 1161 743 1202 Tibulli,
796 1162 867 1197 ubi

168 1221 309 1267 Lares,
345 1230 388 1254 ut
418 1219 451 1253 se
482 1216 725 1253 incolumem
759 1231 867 1265 prae-

168 1275 274 1315 stent,
296 1274 514 1314 obtestatur,
540 1273 632 1308 vide
656 1275 687 1313 I,
719 1287 779 1312 10,
804 1284 865 1314 17.

229 1333 313 1367 ,Neu
352 1331 494 1380 pudeat
536 1328 655 1377 prisco
700 1343 768 1365 vos
796 1328 867 1378 effe

394 1401 412 1421 ε
437 1384 566 1435 stipite
584 1384 735 1431 facto&

255 1444 314 1478 Sic
325 1442 566 1490 veterissedes
579 1439 780 1487 incoluistis
792 1444 864 1477 avi.

166 1501 228 1536 De
259 1499 372 1534 fictili
402 1499 484 1533 eius
517 1496 751 1546 supellectili
773 1497 866 1533 Vide

166 1558 226 1596 11,
263 1564 307 1598 5,
333 1561 399 1601 47.
432 1553 498 1589 W.

223 1621 288 1658 59.
323 1618 388 1654 40.
417 1610 598 1649 Causam,
631 1620 700 1644 eur
729 1607 866 1644 fictilia

166 1669 225 1704 dii
255 1669 431 1714 respuere
467 1679 547 1701 non
582 1665 770 1706 debeant,
802 1665 865 1699 ad-

166 1725 244 1760 dit:
277 1723 473 1758 maiorum
504 1734 656 1757 morem
686 1731 723 1755 et
743 1721 866 1756 usum.

166 1782 212 1815 de
247 1779 360 1827 facili
393 1797 443 1805 —
476 1780 583 1821 luto)
621 1778 685 1812 Est
715 1776 864 1824 argilla,

168 1850 265 1884 quae
316 1835 472 1870 tractari
515 1845 553 1870 et
593 1834 689 1881 fingi
731 1832 863 1880 potest,

167 1906 248 1927 non
281 1891 370 1939 quia
402 1890 497 1927 vilis
528 1901 566 1926 et
596 1889 780 1938 parabilis
803 1888 863 1925 est.

168 1948 291 1997 Qvid.
321 1949 415 1982 Met.
434 1948 530 1987 XV,
557 1947 647 1993 169.

232 2006 350 2052 thue
390 2006 497 2038 novis
531 2001 662 2050 facilis
689 2002 865 2052 fignatur

448 2074 529 2094 cera
553 2059 704 2106 figuris.

164 2117 219 2153 ita
242 2116 346 2152 enim
367 2114 502 2150 malim
522 2115 621 2163 legi,
653 2129 769 2162 quam
784 2113 868 2162 fra-

165 2174 277 2221 gilis,
321 2172 429 2220 quod
460 2172 505 2207 ab
538 2171 696 2219 Heinsio
724 2173 865 2219 reposi-

166 2240 250 2264 tum
273 2229 360 2264 fuit.
393 2230 458 2272 (et
477 2228 607 2263 invito
626 2230 864 2264 Burmanno.

166 2287 264 2328 W.)
313 2285 415 2319 Hinc
451 2283 677 2319 translatum
709 2283 780 2325 est,
821 2293 866 2318 ut

161 2340 318 2390 facilem
341 2340 514 2376 dicamus
534 2340 737 2376 hominem
757 2352 862 2375 com-

167 2398 352 2436 modum,
413 2409 494 2431 non
542 2397 743 2432 morosum
796 2405 863 2430 aut

167 2454 417 2502 pertinacem.
448 2454 495 2488 H.
535 2452 595 2487 Ad
615 2452 862 2489 constructio-

169 2524 260 2546 nem
281 2523 460 2558 compara
483 2511 568 2545 l'uv.
592 2510 649 2546 VI
664 2535 674 2549 ‚
701 2515 793 2552 344.

227 2566 283 2601 Et
298 2567 479 2601 Vaticano
495 2565 656 2613 fragiles
677 2566 723 2601 de
742 2573 866 2600 monte

181 2662 183 2664 ,
448 2622 621 2670 patellas.

169 2688 209 2722 et
235 2679 326 2715 infr.
355 2681 418 2719 II,
452 2693 497 2720 ι,
522 2685 586 2727 59.

1505 951 1631 1024 Aut,

991 1106 1094 1142 Rure
1130 1119 1222 1154 puer
1253 1118 1376 1141 verno-
1396 1104 1556 1152 primu-‚rit
1584 1103 1631 1139 de

1204 1162 1306 1208 flore
1326 1175 1503 1196 coronam.

1051 1218 1162 1255 Fecit.

937 1274 984 1310 cf.
1008 1275 1103 1310 Not.
1128 1273 1174 1307 ad
1196 1281 1261 1315 53.
1295 1274 1359 1307 VV.

991 1336 1058 1376 [μ.
1098 1330 1227 1363 Locus
1270 1328 1508 1364 dulcissimus
1538 1342 1630 1377 pro,-

933 1397 1019 1435 pter
1060 1385 1183 1420 animi
1222 1384 1506 1432 simplicitatem
1538 1397 1628 1419 con-

936 1443 1035 1477 tenti
1062 1441 1243 1481 modico,
1277 1441 1493 1476 dummodo
1514 1441 1630 1477 otiari

935 1509 973 1533 et
996 1510 1121 1531 amare
1143 1496 1267 1531 liceat.

991 1560 1058 1600 44.
1082 1551 1244 1587 membra
1264 1552 1331 1601 ref.
1357 1551 1458 1601 toro)
1481 1552 1563 1589 h.e.
1585 1553 1629 1587 in

935 1621 1089 1649 torum,
1119 1607 1272 1656 qualem
1303 1609 1630 1659 constructionem

935 1665 1038 1715 apud
1076 1665 1325 1711 Propertium
1362 1667 1425 1705 ΙΙ,
1457 1674 1529 1709 53,
1562 1671 1630 1708 41.

935 1724 1039 1766 (24,
1066 1717 1168 1769 41.)
1413 1743 1421 1749 ,

993 1778 1111 1814 Nulla
1155 1785 1278 1811 tamen
1316 1777 1408 1813 lecto
1438 1779 1566 1826 recipit
1583 1776 1629 1826 se

1205 1832 1293 1881 sola
1315 1834 1471 1868 libenter

932 1893 976 1928 in
998 1891 1130 1928 verbis
1144 1889 1187 1940 se
1208 1891 1366 1937 recipere
1385 1890 1480 1924 lecto
1505 1889 1627 1923 anim-

933 1948 1116 1983 advertis.

934 2001 1260 2042 discubitorium,
1299 2002 1342 2049 in
1382 2015 1460 2049 quo
1500 2001 1627 2048 epulis

934 2059 1233 2098 accumbebant,
1270 2058 1401 2092 l‘eccum
1436 2057 1483 2092 ad
1517 2057 1626 2105 quie-

934 2129 1014 2153 tem
1052 2115 1254 2150 fruendam
1294 2116 1501 2162 (compara
1531 2115 1625 2148 Pro-

934 2184 1033 2223 pert.
1086 2173 1106 2206 I
1123 2197 1133 2211 ‚
1190 2177 1236 2215 3,
1277 2179 1342 2213 55.
1406 2167 1627 2218 requiescere

935 2230 1058 2276 lecto)
1101 2227 1276 2263 referunt
1303 2225 1474 2276 Vulpius
1509 2235 1547 2261 et
1574 2226 1626 2260 H.

933 2285 1098 2325 Voffius.
1128 2285 1194 2319 VV.

986 2348 1053 2388 45.
1085 2341 1205 2391 Quam
1235 2343 1364 2388 iuvat)
1394 2341 1498 2374 Haec
1519 2349 1625 2373 com-

932 2407 1123 2433 memorat
1145 2398 1319 2445 respectu
1340 2398 1530 2432 itinerum
1549 2394 1623 2428 mi-

932 2454 1107 2490 litarium
1144 2464 1243 2488 terra
1275 2455 1475 2500 marique,
1526 2463 1624 2498 quae

932 2510 1066 2560 paullo
1104 2509 1187 2558 post
1226 2522 1265 2544 ν.
1304 2516 1367 2551 50.
1400 2515 1464 2550 52.
1516 2519 1622 2542 com-

932 2577 1135 2615 paraturus
1168 2565 1216 2601 est
1238 2578 1326 2601 eum
1346 2565 1422 2600 hoc
1443 2563 1538 2599 otio.
1569 2564 1622 2600 H.

933 2620 1126 2672 detinuiſj’e
1156 2634 1228 2671 pro
1255 2621 1445 2660 detinere,
1477 2619 1523 2655 de
1548 2632 1623 2667 qua

931 2679 1083 2715 ratione
1102 2678 1265 2728 perfecti
1282 2677 1329 2713 ad
1345 2689 1495 2725 morem
1506 2677 1621 2711 Grae·

1487 2744 1622 2768 corum

1185 1947 1332 1992 *Torum
1382 1946 1429 1980 ad
1481 1943 1652 1979 lectum·
