1752 2974
472 170 584 207 LIB.
626 165 712 203 III.

107 285 456 348 Candidaque
478 279 578 333 offa
599 279 756 345 super
784 280 935 343 nigra
963 275 1146 325 favilla
1174 284 1328 341 teget,

781 164 896 200 ELE
911 163 960 201 G.
1000 163 1058 200 II.

1464 161 1485 177 ,-

1405 175 1483 219 190

1411 293 1480 326 10

34 375 170 424 Ante
204 391 385 423 meum
420 371 621 427 veniat,
685 363 875 431 longos
908 367 1139 412 incomta
1171 364 1405 429 capillos,

110 464 176 510 Et
205 461 326 510 fleat
355 470 471 508 ante
507 473 689 506 meum
723 452 918 503 moesta
950 454 1155 500 Neaera
1182 467 1376 515 rogum
1392 469 1408 510 ς

35 548 138 597 Sed.
170 549 347 596 veniat
379 562 522 595 carae
554 545 733 593 matris
752 541 1009 595 (comitata
1047 537 1262 596 dolm·e;

112 637 351 684 Moereat
383 633 510 681 haec
544 648 766 697 genero,
807 636 1038 676 moereat
1070 626 1162 673 illa
1190 626 1326 673 viro.

34 720 293 771 Praefatae
305 731 421 769 ante
434 737 581 768 meos
592 722 792 786 Manes,
806 716 1141 777 animamque
1151 723 1399 778 precatae,
1417 732 1437 762 1
1450 726 1481 774 5

108 807 459 873 Perfusaeque
494 808 604 873 pias
652 816 771 853 ante
811 804 1023 866 liquore
1062 817 1266 858 manus,

35 898 156 945 Pars
191 913 325 960 quae
360 895 466 945 sola
502 895 610 943 mei
644 891 908 956 superabit
943 888 1207 952 corporis,
1271 886 1372 937 offa

110 984 373 1032 Incinctae
402 985 553 1048 nigra
583 978 805 1029 candida
835 974 976 1027 veste
1005 975 1205 1040 legant;

37 1199 204 1236 elafficus
227 1201 273 1237 de
294 1215 335 1236 re
358 1199 512 1236 funebri
532 1202 727 1236 Romano-

35 1270 137 1292 rum.
169 1258 217 1292 H.
278 1258 431 1293 Sensus:
466 1258 596 1303 Quum
617 1256 727 1292 dolo-

36 1313 160 1349 ribus„
199 1315 420 1348 consumtus
476 1313 541 1349 vel
593 1314 727 1363 sponte
749 1346 754 1361 ,¹

35 1369 158 1404 vitam
188 1369 342 1405 finiero.
374 1371 439 1405 W.

99 1453 161 1490 14.
191 1461 326 1495 genero
350 1466 405 1475 -
423 1448 522 1492 viro)
554 1447 614 1496 spe
643 1447 728 1495 qui-

38 1504 124 1539 dem
146 1513 259 1551 atque
280 1504 424 1539 animo.
449 1517 486 1540 v.
511 1506 579 1544 111,
608 1517 640 1544 1,
665 1513 727 1548 23.

39 1563 138 1595 Sunt
176 1572 271 1594 vero
310 1559 375 1594 vel
413 1559 527 1600 sexti,
577 1573 615 1595 v.
647 1560 728 1595 Cic.

37 1615 142 1651 Lael.
167 1622 200 1658 4.
234 1614 300 1650 vel
325 1616 430 1650 tertii
450 1616 572 1655 casus,
605 1616 728 1650 dativi

38 1675 94 1706 cui
135 1671 241 1706 dicti.
300 1671 436 1707 Paullo
475 1682 560 1707 ante
602 1674 729 1706 matris

38 1730 216 1763 comitata
240 1728 370 1762 dolore
399 1728 443 1762 ad
474 1739 604 1762 notam
626 1728 727 1776 figu-

38 1797 119 1819 ram
143 1784 291 1818 dictum
313 1784 383 1819 effe
402 1794 518 1832 patet,
538 1796 625 1832 pro,
648 1797 727 1819 ma-

39 1851 96 1876 tre
127 1839 293 1876 dolente·

102 1937 163 1974 ²5·
197 1929 419 1978 Praefatae)
448 1931 620 1968 Notum:
652 1945 727 1967 ma·-

38 2001 115 2035 gna
126 1988 261 2022 Manis
281 1997 336 2022 cer
356 2001 442 2022 voce
461 1991 600 2023 vocavi.
631 1991 725 2024 Aen.

37 2045 108 2084 VI,
141 2043 233 2086 506.
297 2042 468 2091 Praefari
500 2057 591 2092 ergo
629 2045 667 2080 h.
700 2044 727 2080 l.

0 2129 1 2132 ,
41 2099 148 2148 quod
175 2100 305 2139 affari,
334 2100 493 2134 nomine
522 2100 729 2149 compella·

39 2169 106 2195 τος
148 2169 186 2189 v.
217 2168 248 2191 c.
283 2155 377 2190 Aen.
409 2157 457 2194 H,
486 2155 577 2202 6¹44·
629 2157 729 2191 dixit

42 2222 168 2247 autem
197 2210 383 2258 praefari.
414 2213 599 2259 quoniam
631 2213 671 2249 h.
700 2211 727 2246 l.

40 2267 111 2308 fit,
164 2277 365 2314 antequam
417 2268 492 2302 offa
533 2267 728 2316 leguntur.

42 2326 201 2358 animam
235 2325 377 2371 precari
405 2335 529 2359 autem
564 2326 730 2360 referen-

42 2379 136 2415 dum
166 2378 324 2414 videtur
356 2381 402 2414 ad
432 2379 599 2416 sollenne
630 2380 730 2415 illud

42 2436 174 2475 Have,
232 2435 378 2476 anima,
436 2435 541 2476 vale,
591 2437 731 2472 leviter

44 2492 231 2538 quiescas:
272 2491 464 2539 precando
498 2491 730 2540 compellare

46 2547 223 2582 animam.
250 2549 298 2581 H.
349 2548 448 2583 Ante
469 2567 523 2574 ——
542 2557 637 2584 αηεε.
669 2548 732 2583 Sic

47 2602 185 2638 catull.
213 2603 274 2646 64,
305 2611 416 2650 198.:

59 2687 62 2691 .
102 2659 190 2694 Non
211 2668 332 2705 tamen
355 2670 440 2694 ante
471 2661 559 2695 mihi
581 2661 732 2707 langue-

311 2714 419 2764 scent
441 2716 581 2752 lumina
602 2725 727 2756 morte,

1420 1066 1487 1113 Et

855 1198 933 1235 Nec
944 1197 1052 1247 prius
1073 1193 1206 1246 afeffo
1219 1194 1391 1244 secedent
1411 1209 1488 1231 cor-

1072 1267 1163 1304 pore
1177 1251 1317 1301 sensus.
1360 1254 1425 1287 VV.

859 1346 922 1383 16.
949 1347 1039 1380 Piae
1070 1356 1198 1379 manus
1236 1343 1322 1379 funt
1351 1355 1488 1379 manus

796 1403 916 1437 sacros
937 1402 1035 1436 ritus
1055 1399 1346 1449 peragentium,
1375 1397 1488 1438 ὅσιαι.

797 1459 842 1493 cf.
869 1456 1052 1505 Sophocl.
1076 1455 1367 1503 Oedip.colo11.
1391 1456 1486 1504 469.

796 1525 833 1550 et
852 1513 992 1561 Virgil.
1014 1517 1106 1549 Aen.
1133 1513 1199 1551 IV,
1225 1519 1316 1554 5¹7-
1352 1513 1416 1546 W.

857 1613 918 1647 17.
968 1601 1045 1652 offa
1086 1620 1139 1630 -·
1179 1601 1333 1648 legana)
1389 1614 1486 1649 quae

797 1659 997 1709 quomodo
1023 1673 1041 1693 a
1069 1657 1224 1706 reliquo
1258 1657 1384 1693 cinere
1407 1657 1484 1693 dis-

796 1716 902 1752 cerni
921 1716 1142 1764 potuerint,
1170 1714 1358 1763 quaesivit
1374 1713 1488 1749 docte

793 1773 877 1822 post
906 1772 1127 1806 Kirchman.
1161 1771 1207 1805 de
1241 1771 1337 1806 Fun.
1373 1772 1484 1807 Rom.

795 1831 864 1869 111,
890 1839 924 1874 7.
954 1825 1254 1875 Berger.Eclog.
1277 1827 1416 1862 Corsic.
1436 1829 1484 1862 [Ι.

737 1894 748 1915 ἱ
795 1885 828 1929 §.
856 1891 917 1929 18.
949 1884 1145 1932 Iungenda
1166 1895 1260 1918 vero
1286 1882 1485 1929 Praefatae

796 1942 926 1990 legant
948 1939 1043 1989 offa,
1074 1953 1166 1988 quae
1186 1928 1274 1987 plars
1298 1950 1368 1974 etc.

857 2049 918 2087 ²8·
951 2043 1130 2079 Iizcinctae
1150 2042 1259 2087 nigra
1287 2059 1339 2066 -—
1370 2038 1487 2088 veste)

795 2099 833 2136 h.
856 2099 1077 2137 succinctae,
1100 2097 1348 2145 praecinctae.
1364 2096 1484 2133 Ovid.

795 2157 841 2196 V.
868 2155 960 2193 Fust.
983 2164 1073 2198 217.

905 2231 960 2238 -—·
987 2211 1095 2260 pictis
1124 2211 1300 2244 incinctae
1329 2206 1485 2257 vestibus

1080 2275 1083 2277 “
1131 2267 1266 2301 Horae.

799 2324 845 2360 cf.
865 2325 993 2360 IIeins.
1025 2324 1071 2358 ad
1091 2325 1136 2358 ΙΙ.
1165 2322 1256 2356 Fast.
1278 2321 1367 2365 635.
1401 2322 1486 2357 Neo

797 2392 922 2420 vetat,
972 2380 1078 2428 quod
1120 2381 1274 2414 Sueton.
1315 2391 1347 2413 c.
1395 2391 1485 2412 100.

798 2437 961 2485 Augusti
981 2436 1166 2482 reliquias
1181 2434 1316 2481 legisse
1337 2435 1390 2469 ait
1409 2434 1487 2480 pri-

798 2505 924 2528 mores
946 2492 1094 2527 ordinis
1111 2491 1290 2538 equestris
1309 2492 1488 2524 tunicatus

800 2558 836 2584 et
869 2550 1062 2584 discinctos
1093 2546 1315 2593 pedibusque
1354 2546 1487 2579 nudis.-

797 2599 927 2640 voluit
959 2605 1063 2638 enim
1097 2603 1188 2637 haec
1220 2615 1371 2636 narrare
1394 2603 1487 2635 Sue-

799 2661 927 2696 tonius
956 2671 1135 2707 tanquam
1170 2658 1343 2692 insolita:
1387 2657 1488 2692 forte

797 2727 976 2765 tanquam
1008 2715 1120 2751 heroi
1148 2726 1189 2749 ac
1221 2713 1292 2748 deo
1325 2713 1433 2749 facta.

883 2774 977 2808 N?-
