1752 2974
528 63 602 100 ET
641 61 1074 102 conmc-ENDA.
1491 78 1518 117 7

175 173 396 224 Clarissimi
417 182 562 222 poetae
595 175 752 212 Catulla·
780 177 1020 222 Veronensis
1051 176 1294 226 Epigrb'ma.

167 240 273 279 Pub.
303 244 507 292 Papinius
536 243 701 278 Statius
734 242 974 291 Syluccram:

586 309 626 344 M
639 337 648 346 .
671 309 804 345 CCCC
818 337 825 345 .
844 311 1000 346 LXXII.

649 375 712 425 (in
745 377 795 414 40
828 378 935 425 maj.)

76 444 123 480 In
155 444 304 481 duobus
335 442 448 479 huius
479 442 660 479 editionis
699 445 882 494 exemplis
913 458 932 479 a
965 458 1023 481 me
1055 442 1164 491 vifis,
1215 444 1334 480 altero
1364 443 1404 480 in
1436 444 1502 481 bi·-

76 510 217 547 blioth.
251 508 495 556 Corfiniana,
545 510 664 546 altero
696 526 740 548 cx
770 512 953 548 biblioth.
983 513 1021 549 S.
1049 513 1101 548 M.
1135 512 1181 548 de
1212 511 1358 561 Populo
1386 513 1504 562 prin-

74 579 175 627 cipio
215 577 426 614 voluminis
459 578 627 613 occurrit
656 580 850 625 Catullus,
901 577 965 616 etsi
997 579 1037 614 in
1070 577 1349 628 subscriptione
1388 579 1500 616 tertio

72 638 158 681 Ioco
192 645 428 683 nominatur.
485 648 531 681 In
553 647 633 681 eius
656 647 784 683 fronte
814 647 954 696 legitur
983 644 1280 692 hexastichium,
1312 647 1415 696 quod
1434 646 1498 684 hic

71 712 297 758 exhibetur,
328 721 369 749 ut
399 713 440 749 in
471 711 553 762 ipso
585 727 699 762 opere
728 713 905 750 excusum
936 712 1007 749 est:

180 782 217 817 H
304 780 497 817 extichum
522 779 560 831 *)
593 781 760 816 Guarini
790 780 1020 820 Veronensis
1053 782 1231 818 oratoris
1261 778 1467 819 Clarissimi

306 850 352 883 In
383 847 556 884 libellum
590 848 735 884 Valerii
768 849 911 885 Catulli
942 850 1022 885 eius
1051 849 1237 886 concinis.

121 929 144 953 a
229 915 264 951 D
294 915 460 964 patriam
491 917 602 952 venio
634 916 760 966 longis
790 917 837 953 de
867 917 1012 954 finibus
1041 917 1129 954 exul

232 980 355 1019 Causa
387 983 462 1019 mei
494 983 639 1020 reditus
671 986 923 1034 compatriota
956 985 1039 1022 suit.

120 1052 145 1088 S
206 1051 333 1087 cilicet
359 1065 380 1087 a
412 1050 565 1087 calamis
597 1052 735 1088 tribuit
765 1053 824 1088 cui
857 1053 1002 1089 francia
1032 1064 1172 1089 nomeu

119 1121 154 1166 Q
202 1118 317 1167 uique
347 1127 454 1154 notat
483 1119 616 1155 turbae
646 1121 927 1168 praetereuntis
957 1122 1053 1158 iter:

119 1189 153 1233 Q
199 1200 248 1223 uo
278 1185 368 1222 licet
394 1185 549 1235 ingenio
581 1185 756 1223 nostrum
784 1187 975 1224 celebrate
1004 1186 1199 1223 Catullum

118 1255 153 1300 Q
200 1254 312 1290 uouis
341 1251 411 1289 suh
444 1254 573 1290 modio
603 1253 729 1291 clausa
759 1255 919 1305 papirus
950 1263 1043 1291 erat.

58 1323 114 1360 Ne
139 1330 265 1360 autem
287 1322 425 1358 Lector
448 1330 570 1369 erret,
599 1336 798 1361 monemus
828 1322 929 1359 hanc
957 1322 1165 1359 editionem
1195 1320 1483 1357 adnumeratam

60 1406 81 1427 a
115 1393 155 1429 P.
184 1392 228 1426 L.
260 1391 362 1426 inter
391 1390 582 1426 Romanas
611 1390 822 1436 editiones,
855 1390 902 1426 ab
931 1403 1062 1426 earum
1083 1389 1201 1425 choro
1225 1387 1384 1424 omnino
1407 1385 1482 1422 effe

59 1457 349 1496 eliminandam.
427 1455 492 1493 Est
532 1470 575 1494 ea
615 1455 691 1494 fine
739 1458 858 1495 dnbio
898 1471 993 1508 opus
1033 1456 1236 1494 Vindelini
1277 1451 1480 1505 Spirensis,

56 1527 195 1563 iisdem
231 1525 390 1562 omnino
422 1525 522 1574 typis
554 1539 598 1561 ac
626 1524 756 1561 charta
784 1538 985 1572 excusum,
1031 1525 1171 1575 quibus
1201 1523 1264 1559 hic
1295 1532 1480 1573 typogra-

54 1594 156 1647 phus
185 1591 398 1629 Martialem
439 1597 552 1638 (cum
583 1606 658 1641 quo
689 1592 788 1629 illud
818 1591 1046 1630 exactissime
1085 1606 1128 1629 ac
1157 1588 1478 1640 scrupulosissime

55 1658 316 1708 contulimus)
347 1656 424 1695 fine
452 1674 577 1707 anno,
610 1659 678 1697 sed
705 1661 857 1698 circiter
884 1661 976 1698 haec
1000 1670 1172 1711 tempora
1201 1657 1408 1709 impresfit3
1439 1666 1478 1695 et

55 1730 104 1767 ab
141 1728 322 1765 omnibus
360 1735 397 1764 et
433 1729 724 1778 quibuscunque
754 1729 929 1765 Udalrici
958 1730 1044 1765 Han
1086 1727 1179 1777 (cui
1208 1727 1307 1764 illud
1338 1726 1476 1764 tribuit

52 1800 96 1836 P.
121 1795 187 1848 L.)
217 1795 474 1842 editionibus,
504 1796 734 1833 characteris
765 1796 945 1847 qualitate
976 1796 1088 1833 valde
1113 1795 1378 1845 discrepans.“
1416 1797 1474 1832 Ita

52 1863 326 1914 inscriptiones
352 1863 467 1901 huius
497 1863 679 1901 editionis
707 1863 861 1901 exhibet
888 1865 1000 1901 etiam
1030 1865 1175 1900 Panzer
1203 1863 1230 1902 1.
1255 1878 1312 1910 c.,
1343 1864 1472 1913 quiin

52 1933 130 1970 fine
170 1933 264 1970 haec
299 1932 453 1969 adiicit:
503 1931 660 1979 „Chan
691 1945 787 1972 rom.
826 1932 985 1973 Vindel.
1027 1931 1175 1982 Spirae.
1249 1932 1339 1969 Sine
1377 1930 1474 1983 figu.'

53 1999 147 2038 cust.
176 2009 213 2037 et
240 2013 351 2050 pagg.
379 2013 483 2037 num.
514 2001 553 2037 4.
586 2002 673 2049 maj.

135 2067 269 2104 Editio
297 2068 490 2118 prinecps.
551 2068 674 2105 Maitt.
703 2082 743 2118 p.
768 2068 864 2106 320.
893 2067 1006 2116 Gaig.
1036 2068 1067 2104 1.
1097 2081 1139 2117 p.
1168 2068 1264 2106 411.
1296 2068 1342 2106 de
1371 2069 1471 2106 Bure

136 2136 180 2173 B.
208 2136 251 2172 L.
281 2149 319 2186 p.
348 2147 444 2185 270.
484 2136 596 2172 Laire
627 2149 666 2186 p.
693 2137 783 2174 186.
823 2137 965 2183 Romae
994 2149 1063 2186 per
1082 2136 1203 2173 Ulric.
1222 2137 1329 2184 Han,
1359 2137 1470 2184 male,

139 2203 197 2239 uti
219 2211 348 2240 monet
365 2203 580 2240 Audiffredi
605 2218 645 2255 p.
673 2204 764 2241 123.
821 2203 929 2239 Idem
945 2204 1057 2240 Laire
1080 2204 1121 2241 in
1141 2204 1228 2242 Ind.
1247 2207 1281 2244 I.
1309 2218 1350 2256 p.
1372 2205 1467 2244 288.

137 2270 295 2307 Nicolao
323 2269 463 2307 Ienson
493 2271 600 2308 dat.“

53 2338 226 2389 Heynius
258 2339 412 2388 quidem
442 2339 610 2376 indicem
639 2339 851 2386 librorum,
889 2353 983 2390 quos
1013 2340 1185 2377 eontinet
1212 2338 1306 2376 haec
1334 2339 1469 2389 editio,

55 2406 107 2442 ita
138 2405 334 2455 exhibuit,
381 2415 422 2444 ut
451 2407 588 2457 legitur
617 2408 719 2460 apud
748 2408 965 2447 Montesalc.
995 2408 1023 2446 l.
1053 2422 1113 2458 c.,
1170 2405 1237 2446 sed
1267 2407 1360 2446 haec
1390 2420 1471 2444 non

1390 2471 1475 2526 ipsa

99 2551 139 2592 ἦ)
174 2550 235 2585 fic.
