1752 2974
850 542 922 577 DE

163 630 421 674 TIBVLLI
449 631 766 674 LECTIONE
796 632 914 675 PER
944 632 1165 675 LIBROS
1197 633 1488 677 SCRIPTOS
1527 634 1610 677 ET

197 709 362 747 PRELO
386 711 618 746 EXCVSOS
642 711 983 753 PROPAGATA,
1007 711 1255 756 ADEOQVE
1282 713 1350 748 DE
1375 713 1577 749 TLBVLLI

518 778 784 814 CODICIBVS
822 779 886 813 ET
913 778 1251 815 EDITIOMBVS.

159 923 287 995 Inter
319 958 453 1003 poetas
488 950 621 987 similis
661 952 875 1001 argumenti
909 952 1089 990 Tibullus
1127 954 1318 1004 puritate,
1362 955 1545 992 facilitate
1577 961 1614 992 e't

161 1030 291 1066 nativa
335 1028 462 1076 aliqua
502 1027 692 1074 elegantia
747 1025 940 1075 praestare
978 1026 1130 1077 semper
1169 1028 1326 1065 habitus
1372 1027 1437 1064 est.
1526 1029 1614 1069 Non

161 1097 311 1134 affectat
333 1096 591 1133 cruditionem
610 1093 940 1145 intempestivam,
974 1110 1070 1145 quae
1095 1094 1205 1146 saepe
1241 1098 1280 1133 in
1301 1098 1502 1148 Propertio
1530 1107 1614 1135 tae-

162 1167 269 1203 dium
292 1167 401 1212 saest,
433 1180 503 1202 nec
525 1164 752 1215 flagitiosam
778 1166 1039 1215 impuritatem
1061 1167 1221 1205 Catulli,
1281 1168 1488 1204 Hominem
1509 1168 1613 1204 libe-

159 1237 253 1275 ralis
274 1237 419 1273 indolis
450 1245 486 1272 et
510 1236 661 1272 amoeni
680 1236 851 1285 ingenii,
883 1249 1007 1272 mores
1034 1237 1257 1275 urbanioris
1288 1246 1423 1279 notae,
1467 1246 1500 1273 ct
1524 1238 1614 1273 ani.-

158 1322 266 1345 mum
286 1307 389 1344 bona
411 1305 651 1343 institutione
673 1306 923 1342 informatum
945 1314 981 1342 et
1001 1309 1217 1358 praeceptis
1243 1306 1453 1359 sapientiae
1484 1308 1613 1344 inibu-

158 1388 263 1425 1nm‚
303 1391 488 1427 aequum,
529 1374 763 1424 modestum,
803 1377 994 1426 probum,
1035 1377 1146 1414 facile
1179 1377 1375 1428 agnoscas.
1434 1378 1611 1415 Eundem

158 1451 291 1486 videas
322 1447 395 1484 effe
418 1447 581 1483 mollitie
605 1447 723 1482 animi
752 1455 787 1483 et
808 1447 989 1484 facilitate
1009 1448 1127 1493 mira,
1156 1462 1177 1484 a
1198 1449 1312 1486 rebus
1335 1448 1494 1499 agendis
1515 1449 1611 1485 alie--

159 1533 275 1565 num,
312 1519 353 1554 in
386 1518 463 1553 otio
490 1515 649 1552 honesto
683 1514 795 1552 Mufis
827 1525 863 1553 ct
896 1517 1092 1554 amoribus
1123 1527 1344 1563 vacantem,
1379 1532 1450 1554 nee
1482 1519 1611 1555 minus

159 1588 374 1640 proclivem
400 1587 449 1623 ad
481 1587 638 1623 affectus
669 1587 852 1623 maeroris
881 1585 1135 1636 tristitiaeque
1156 1602 1199 1624 ac
1220 1589 1321 1625 vitae
1350 1588 1486 1625 taedia.
1548 1588 1609 1626 Ab

158 1659 266 1695 omni
295 1658 487 1694 honorum
524 1657 842 1707 fortunarumque
873 1657 1085 1706 cupiditate
1124 1665 1160 1693 et
1198 1658 1409 1694 ambitione
1446 1658 1609 1704 alienus,

160 1727 327 1766 servavit
360 1727 464 1763 idem
498 1725 715 1764 institutum
738 1740 780 1763 ac
798 1725 1035 1778 propositum
1067 1728 1107 1763 in
1139 1726 1216 1764 suis
1239 1728 1369 1778 elegis.
1428 1729 1535 1776 Non,
1569 1739 1611 1767 ut

157 1799 328 1836 carmine
361 1795 629 1834 inclaresceret
667 1806 703 1834 et
731 1802 867 1848 poetae
900 1811 1042 1833 nomen
1071 1796 1390 1847 consequeretur,
1435 1797 1502 1836 sed
1534 1798 1609 1836 sibi

157 1879 194 1907 ct
214 1870 357 1906 amicae
375 1866 535 1918 scripsit.
594 1871 727 1917 Itaque
749 1865 1029 1918 simplicitatem
1055 1868 1162 1904 illam
1184 1869 1370 1905 orationis
1392 1878 1428 1905 et
1450 1868 1609 1906 senten-

156 1940 320 1986 tiarum,
352 1939 512 1976 veritate
544 1935 610 1974 sua
637 1946 674 1974 et
708 1938 838 1975 nativa
871 1937 998 1988 aliqua
1027 1939 1216 1988 elegantia
1246 1940 1607 1986 commendabilem,

159 2022 257 2046 unus
288 2009 461 2046 omnium
490 2009 653 2044 maxime
677 2021 770 2057 prae
796 2005 832 2044 se
852 2008 936 2044 fert.
994 2009 1103 2044 Idem
1135 2006 1204 2045 fibi
1236 2007 1385 2059 semper
1412 2007 1544 2045 similis
1567 2007 1606 2060 *)

157 2080 323 2116 eundem
354 2079 423 2116 otii
455 2087 491 2114 et
520 2078 620 2114 ruris
652 2091 841 2123 amorem,
877 2078 1117 2115 fortunarum
1149 2086 1403 2124 contemtum,
1443 2079 1606 2115 eandem

158 2162 309 2186 morum
329 2150 592 2198 orationisque
620 2148 782 2183 sormam
806 2148 958 2184 retinet.
1018 2149 1150 2185 Animi
1182 2149 1401 2186 affectiones
1424 2157 1460 2185 et
1481 2161 1604 2193 curas,

162 2221 303 2256 amoris
337 2217 479 2256 aestum
510 2227 547 2256 et
583 2227 794 2265 tormenta,
835 2215 1094 2269 suspiciones,
1132 2220 1312 2267 timores,
1353 2220 1512 2270 gaudia,
1542 2232 1607 2253 re·-

1500 2301 1604 2338 pen-

204 2402 247 2443 ᾗ)
273 2399 432 2443 Scaliger
461 2399 669 2445 Hypercrit:
699 2411 737 2446 p.
767 2400 846 2445 795,
913 2400 948 2435 la
963 2400 1122 2435 Vallette
1141 2399 1255 2434 dictus
1275 2410 1357 2433 eum
1373 2399 1520 2443 plurimi
1549 2397 1605 2431 fa-

162 2454 361 2503 Uniformis
378 2456 439 2490 ille
451 2469 543 2501 pene
562 2464 660 2489 totus
678 2457 736 2500 efi,
761 2458 848 2490 ‹vix-
914 2458 1043 2492 ciebat.
1083 2470 1116 2492 v.
1146 2456 1281 2490 Balsac.
1310 2459 1348 2488 in
1378 2454 1524 2499 epistola
1547 2457 1605 2488 in-

157 2526 225 2560 que
254 2515 435 2547 discedens
467 2526 490 2546 a
520 2514 562 2557 se
593 2514 688 2558 ipso,
729 2515 847 2547 eodem
913 2514 1005 2548 serta
1047 2513 1128 2548 hisi.
1171 2513 1284 2547 Acad.
1322 2512 1512 2546 Francicae
1560 2511 1605 2545 ab

152 2583 245 2616 pene
270 2583 363 2617 gyro
390 2570 611 2623 includitur&x
645 2570 747 2605 Nihil
777 2574 845 2604 ita·
913 2571 1062 2606 oliveto
1090 2570 1241 2614 scriptae
1270 2581 1307 2614 p.
1338 2567 1394 2603 62.
1429 2567 1485 2602 ed.
1519 2568 1602 2604 Par.

156 2638 227 2672 que
243 2630 375 2662 mirum
387 2653 395 2668 ‚
421 2626 449 2660 ss
468 2623 616 2675 luimilis
636 2629 743 2660 etiam
761 2630 846 2662 viris
917 2640 1014 2674 ²729·
1042 2628 1148 2664 Toni·
1164 2628 1211 2662 Π.

156 2683 344 2720 meleficiis
366 2683 446 2719 suit.
493 2684 547 2718 Ita
576 2664 772 2720 &animalis
803 2683 846 2718 de
