1752 2974
442 106 555 176 mn.
584 138 661 178 iv.
721 137 900 176 CARM.
940 140 1063 178 xiv.
1095 141 1190 180 xv.

1469 145 1552 203 273

119 249 226 299 Iam
241 249 440 308 faciam,
454 250 808 314 quodcunque
819 252 981 308 voles,
997 263 1121 302 tuus
1135 271 1303 318 usque
1312 263 1553 321 manebo,

192 339 308 387 Nec
343 339 543 402 fugiam
576 347 732 385 notae
762 337 1037 387 servitium
1074 340 1344 400 dominae;
1429 396 1433 399 ,

120 425 221 475 Sed
240 426 454 474 Veneris
482 422 676 471 sanctae
697 424 961 474 considam
985 427 1193 476 vinctus
1214 428 1277 476 ad
1303 447 1441 489 aras;

196 514 333 562 Haec
360 521 508 560 notat
542 510 795 570 iniustos,
856 510 1291 581 supplicibusque
1322 516 1492 568 favet.-

485 632 952 712 οΑΒΜΕΝ
1021 667 1184 714 XIV.

115 753 350 826 Rumor
389 773 460 819 ait
500 772 682 820 crebro
722 771 950 820 nostram
990 792 1202 839 peccare
1240 779 1487 844 puellam.

192 862 356 909 Nunc
392 876 489 924 ego
519 876 603 907 me
636 857 807 908 surdis
841 858 1055 911 auribus
1089 861 1186 912 effe
1220 866 1398 915 velim.

115 948 353 998 Crimina
381 965 492 996 non
523 947 651 994 haec
682 945 803 995 sunt
834 947 1014 998 nostro
1048 949 1158 998 sine
1191 953 1320 1001 iacta
1350 954 1549 1006 dolore.

192 1035 337 1106 Quid
355 1033 605 1084 miserum
630 1043 860 1099 torques,
900 1038 1110 1086 Rumor
1134 1040 1347 1090 acerbe?
1387 1053 1510 1093 tace.

506 1188 972 1235 GARMEN
1039 1191 1169 1236 XV.

381 1284 852 1329 DOMITII

930 1286 1290 1335 MARSI.

118 1367 220 1436 Te
241 1397 457 1446 quoque
471 1381 695 1444 Virgilio
716 1381 961 1428 comitem
981 1399 1092 1430 non
1112 1400 1291 1446 aequa,
1323 1387 1554 1448 Tibulle,

190 1473 345 1521 Mors
376 1470 628 1518 iuvenem
665 1484 873 1534 campos
905 1466 1048 1516 misit
1084 1469 1150 1518 ad.
1180 1471 1402 1537 Elysios,

175 1701 242 1727 21.
272 1685 370 1724 Mite
390 1687 569 1722 amatoris
598 1685 801 1734 ingenium

116 1747 284 1796 agnosce.
343 1743 667 1791 Quandoquidem
688 1741 802 1777 semel

116 1806 152 1840 se
173 1805 214 1839 in
239 1814 357 1836 manu
379 1811 415 1835 et
444 1799 622 1847 potestate
649 1798 800 1847 puellae

117 1861 189 1896 esse
220 1857 350 1893 sentit:
394 1853 499 1892 nolle
534 1855 565 1889 se
594 1854 803 1902 profitetur

115 1916 253 1963 iugum
284 1913 512 1949 detrectare,
541 1910 603 1946 sed
622 1911 665 1945 in
686 1911 803 1946 servi-

115 1981 197 2007 tute
222 1969 440 2018 perdurare.

175 2034 241 2069 25.
273 2024 345 2059 Sed
369 2025 522 2060 Veneris
545 2022 697 2072 sanctae
719 2037 803 2058 con·

112 2080 235 2131 fidam
263 2082 405 2116 vinctus
434 2079 484 2114 ad
512 2079 625 2127 aras)
657 2093 694 2115 n.
725 2089 804 2114 tan-

118 2150 234 2185 quam
263 2135 438 2184 supplex.
468 2148 505 2170 ν.
535 2137 580 2175 Π,
609 2134 646 2175 6,
669 2144 731 2178 33.
764 2145 806 2170 ut

116 2192 289 2229 [olebant
328 2191 424 2227 [ervi
453 2187 551 2226 male
584 2205 602 2226 a
637 2191 806 2226 dominis

117 2247 258 2285 habiti.
320 2248 355 2283 V
356 2249 470 2283 enoris
492 2246 658 2296 sanctae,
695 2257 737 2282 ut
767 2259 805 2283 v.

121 2311 187 2349 ³5.

179 2366 245 2406 24.
274 2361 374 2394 Haec
399 2367 505 2394 notat
532 2355 707 2405 iniustos)
744 2357 806 2392 fla·

118 2415 234 2465 gellia
252 2425 362 2452 notas
380 2415 515 2455 inurit,
545 2426 587 2450 ut
603 2427 660 2462 ap.
672 2415 806 2449 Horat.

118 2473 186 2508 111.
214 2471 289 2507 Od.
315 2472 379 2512 26,
410 2484 470 2507 ιι.
501 2472 631 2507 Venus
652 2468 805 2504 sublimi

119 2526 274 2576 flagello
296 2526 414 2576 tangit
434 2526 597 2563 Chloen.
640 2527 691 2560 Ita
712 2525 806 2562 Vul-

119 2584 220 2632 pius.
281 2583 394 2620 Poffis
427 2593 464 2618 et
495 2582 655 2618 omnino
686 2581 804 2615 inter-

119 2640 275 2688 pretari,
303 2641 431 2690 punit.
463 2639 632 2687 castigat.
661 2635 808 2677 ulcisci-

1468 1564 1558 1612 Ne

869 1695 945 1721 tur.
1005 1687 1104 1722 Nam
1123 1697 1252 1725 notare
1271 1692 1320 1727 est
1336 1706 1415 1728 non
1436 1696 1556 1731 modo

868 1743 1148 1791 reprehendere
1173 1756 1209 1780 et
1232 1749 1460 1796 reprobare,
1490 1764 1559 1786 ve-

868 1811 956 1833 rum
989 1798 1101 1834 etiam
1132 1801 1310 1840 damnare
1339 1816 1375 1840 et
1401 1808 1560 1855 punire,

867 1856 1027 1904 proprie
1051 1868 1135 1892 cum
1159 1858 1389 1906 ignominia.

1041 1947 1251 1984 Carmen
1281 1950 1388 1987 XIV.

930 2012 1027 2047 Miri
1066 2012 1211 2060 leporis
1249 2026 1285 2050 et
1333 2017 1561 2070 urbanitatis

872 2069 1120 2117 epigramma.
1151 2070 1275 2106 Placet
1292 2086 1450 2115 amator,
1476 2077 1561 2123 qui,

873 2125 919 2160 de
959 2123 1109 2172 puellae
1149 2127 1315 2174 perfidia
1357 2130 1562 2172 sollicitus.

874 2191 1021 2215 tantum
1040 2179 1116 2215 hoc
1136 2183 1177 2216 in
1207 2185 1311 2220 votis
1341 2184 1476 2226 habet,
1518 2196 1562 2221 ut:

872 2236 950 2285 ipse
981 2235 1114 2272 surdus
1146 2238 1200 2273 sit.
1271 2242 1328 2275 An
1357 2241 1562 2277 Tibullum

873 2302 1068 2327 auctorem
1101 2292 1257 2337 habeat,
1297 2297 1450 2333 credere
1471 2297 1563 2333 licet

875 2358 910 2382 et
937 2361 1016 2383 non
1044 2348 1146 2385 licet.

935 2439 968 2462 ι.
997 2429 1166 2476 peccare)
1187 2441 1227 2465 v.
1249 2430 1328 2479 sup.
1350 2433 1379 2472 1,
1402 2430 1440 2473 6,
1465 2441 1532 2476 71.

1054 2517 1260 2553 Carmen
1293 2520 1378 2560 XV.

928 2582 1131 2618 Domitius
1160 2586 1304 2621 Marsus
1332 2589 1436 2623 vixit
1467 2599 1562 2624 tem·

870 2638 1034 2688 poribus
1063 2640 1245 2688 Auguffi,
1294 2654 1330 2679 et
1358 2644 1562 2693 Epigram-

1005 2696 1028 2731 S
1411 2711 1560 2736 matum
