1752 2974
170 127 251 172 108
611 134 809 174 ALBII
874 134 1167 176 TIBVLLI

164 243 387 297 Desistas
418 249 688 296 lacrimare
720 266 878 314 puer3

920 269 1031 303 non
1060 252 1322 318 frangitur
1351 255 1458 314 illa,

243 337 307 381 Et
342 345 428 383 tua
461 337 565 382 iam
591 334 721 385 fletu
743 337 947 389 lumina
965 338 1084 389 feffa
1107 351 1328 389 tument.

164 419 405 470 Oderunt
437 422 660 480 Pholoe,
700 439 923 484 moneo,
962 426 1167 476 fastidia
1203 428 1334 487 divi,

241 508 356 556 Nec
391 508 601 575 prodest
634 508 821 561 sanctis
853 523 971 563 tura
1006 515 1198 567 dedisse
1231 515 1377 566 focis.
1541 531 1612 577 70

161 726 212 760 H.
272 727 400 774 quode.
442 742 537 767 mov.
569 728 744 779 legitima
772 732 851 769 fere

161 781 319 816 dicendi
349 784 449 819 ratio
489 799 580 833 pro:
625 788 666 821 in
693 788 851 824 cuiusli-

159 835 226 871 bet
254 838 311 871 rei
338 850 463 875 motu.
524 843 604 878 Cic.
629 844 710 878 Cat.
737 857 776 884 1,
813 855 849 886 7.

159 893 352 942 Quidquid
409 898 648 944 increpuerit,

158 962 244 984 nam
271 952 401 985 timeri.

720 901 851 936 Catili-

483 954 543 988 En
578 967 851 1002 argumentum

158 1005 341 1041 carminis
392 1008 621 1044 nobilissimi
669 1011 854 1048 Schilleri,

155 1061 333 1110 inscripti
363 1064 433 1098 Die
453 1065 695 1114 Erwartung,
726 1069 794 1109 W.

213 1183 279 1227 67.
322 1185 479 1234 Dcssftas
518 1190 740 1236 lacrimare)
788 1192 850 1226 de-

144 1238 286 1292 sistere,
301 1243 354 1278 ait
366 1244 558 1287 Broukh„
574 1261 653 1282 non
677 1247 724 1282 est
735 1247 848 1296 plane

153 1297 287 1339 idem,
340 1302 446 1347 quod
498 1301 678 1351 desinet-<23
732 1304 849 1340 habet

155 1354 259 1388 enim
293 1357 483 1402 quandam
512 1370 679 1395 mutatae
707 1361 848 1394 mentis

153 1420 192 1445 et
231 1411 379 1447 consilii
418 1412 758 1461 significationem,
808 1424 850 1450 ut

152 1466 258 1514 apud
278 1467 386 1513 Virg.
417 1471 510 1503 Aen.
543 1471 580 1511 Ι,
615 1479 679 1513 57.
727 1473 848 1507 Mene

152 1523 300 1569 incepto
336 1521 502 1573 desistere
531 1528 699 1562 victam?
730 1529 847 1563 Recte

151 1577 228 1612 hoc
272 1578 468 1615 observari
510 1593 686 1628 poterat,
740 1585 766 1618 fi
801 1585 845 1619 de

149 1634 310 1682 propria
341 1636 455 1671 verbi
480 1637 523 1672 vi
545 1639 766 1685 quam-itum
801 1642 846 1676 sle

151 1688 315 1737 desinere
354 1691 494 1740 aliquis
538 1694 679 1741 potest,
732 1697 846 1731 etiam

151 1745 311 1781 confilio
342 1761 423 1782 non
457 1760 628 1790 mutato,
657 1752 718 1786 sed
748 1752 845 1787 diffi-

152 1801 294 1837 cultate
315 1804 454 1844 victus,
487 1816 552 1843 aut
570 1807 756 1849 socordia,
782 1820 846 1844 aut

153 1870 269 1906 opere
292 1858 524 1910 profligato,
564 1874 601 1897 et
632 1864 679 1898 fic
712 1877 844 1912 porro.

152 1914 227 1948 Sed
264 1914 420 1962 vulgari
460 1918 529 1953 usu
561 1918 624 1954 ista
657 1919 846 1957 subtilitas

151 1969 295 2006 sublata
322 1971 381 2008 est.

207 2084 264 2121 ib.
313 2098 388 2120 non
420 2086 614 2135 frangitur
656 2089 748 2132 illa)
798 2100 842 2126 ut

141 2139 251 2188 flecti
279 2140 463 2177 dicuntur
483 2144 662 2180 homines
684 2145 840 2180 mitiore

150 2209 192 2230 ac
221 2196 396 2232 faciliore
420 2199 599 2247 ingenio,
631 2202 677 2235 fic
694 2200 839 2248 frangi,

151 2252 294 2299 quibus
317 2253 378 2294 *est
413 2255 550 2291 durior
574 2267 707 2291 natura
730 2268 766 2292 et
785 2257 841 2291 in-

149 2306 389 2345 clementior.
423 2314 507 2347 Sen.
541 2312 694 2360 Thyest.
723 2325 812 2361 199.

205 2406 263 2414 —-
292 2390 381 2423 novi
402 2403 471 2437 ego
494 2391 680 2437 ingenium
700 2393 796 2426 viri.-

206 2442 393 2491 -—'flecti
424 2459 499 2481 non
525 2444 668 2494 potefi;
710 2446 845 2496 frangi

481 2500 611 2551 potest.

149 2589 187 2612 v.
211 2578 388 2615 Broulih.
449 2581 574 2615 Etiam
597 2581 690 2616 haec
716 2581 841 2617 obser·

148 2635 255 2669 vatio
287 2636 331 2669 ad
353 2638 633 2685 proprietatem
656 2638 840 2674 sermonis

147 2689 298 2737 spectat,
322 2704 417 2740 quae
430 2693 472 2729 in
484 2692 639 2742 vulgari
651 2692 841 2743 loquendi

1512 605 1614 652 Hic

919 747 1028 770 more
1051 747 1130 770 non
1150 737 1294 784 semper
1317 747 1490 772 auctores
1507 743 1614 771 coer-

920 801 990 825 cet.
1044 792 1140 825 Mox
1160 801 1195 826 et
1218 801 1356 826 tument
1379 792 1526 827 dictum
1551 792 1612 830 est,

919 846 990 881 ubi
1019 848 1177 894 proprie
1209 848 1278 882 effe
1313 848 1492 883 debebat:
1537 849 1613 883 etfi.

919 903 968 936 H.
1029 904 1185 938 Rectius
1219 903 1385 942 dixeris,
1428 915 1471 938 ut
1500 903 1612 938 lacri-

919 959 994 993 mis
1033 971 1129 1006 puer
1174 959 1404 999 abstineret,
1453 959 1612 994 alteram

921 1016 1068 1050 causam
1108 1028 1177 1063 per
1209 1016 1327 1050 verba
1357 1014 1413 1049 Et
1445 1024 1508 1049 tua
1539 1025 1608 1051 cet.

921 1071 1061 1105 afferri.
1122 1072 1255 1106 Sensus
1283 1072 1514 1119 pentametri
1539 1071 1608 1106 est:

917 1127 967 1160 Et
1000 1127 1085 1162 satis
1127 1125 1298 1163 lacrimis
1339 1138 1374 1162 te
1405 1126 1611 1163 macerasti.

919 1182 999 1217 Cic.
1035 1183 1080 1216 ad
1111 1184 1228 1220 Attio.
1258 1191 1330 1226 15,
1355 1196 1393 1231 9.
1424 1184 1609 1231 plorando

909 1237 1028 1289 feffus
1040 1237 1135 1293 [ψη.
1164 1241 1228 1278 W.

978 1351 1040 1398 69.
1075 1360 1139 1394 70.
1172 1353 1234 1387 De
1264 1351 1413 1388 Pholoe
1441 1366 1480 1388 v.
1513 1352 1609 1388 Not.

915 1408 961 1441 ad
979 1407 1137 1442 initium
1159 1407 1266 1455 Eleg.
1287 1427 1342 1435 —-
1372 1410 1448 1443 Nec
1466 1405 1614 1455 prodest·

907 1461 1047 1510 sanctis
1082 1472 1163 1498 tura
1194 1462 1330 1512 decliffe
1367 1462 1492 1510 focis,
1532 1462 1609 1498 hoc

918 1518 985 1553 est:
1021 1519 1168 1553 crimen
1193 1519 1241 1554 est
1262 1518 1520 1566 inexpiabile;
1541 1519 1608 1553 sal-

917 1585 992 1609 tem
1015 1588 1210 1622 magnum,
1230 1576 1293 1610 cui
1315 1576 1370 1609 dii
1382 1576 1608 1615 irascuntur,

916 1642 959 1665 ut
990 1644 1059 1665 nec
1085 1631 1264 1666 sacrificia
1292 1632 1471 1679 superbae
1498 1631 1609 1679 puel-

914 1686 972 1721 lae
1014 1687 1226 1725 admittant.
1268 1688 1319 1722 H.
1387 1687 1607 1735 impiorum

915 1744 1011 1777 sacra
1057 1742 1146 1778 deos
1186 1744 1304 1779 iratos
1337 1743 1525 1792 aspernari
1555 1745 1607 1778 sa-

913 1799 1126 1846 pientiores
1139 1801 1326 1836 Veterum
1348 1809 1479 1834 contra
1493 1799 1607 1848 vulgi

913 1855 1217 1903 superstitionem
1273 1869 1449 1903 pravam,
1513 1856 1605 1891 deos

914 1912 1024 1946 saeris
1074 1911 1139 1946 vel
1180 1912 1292 1947 donis
1334 1911 1604 1946 sceleratorum

915 1968 1028 2002 etiam
1065 1969 1291 2015 graviorum
1322 1966 1605 2002 maleficiorum

910 2036 1053 2070 poenas
1075 2024 1305 2063 condonare,
1327 2023 1603 2064 ‘tradiderunm

910 2079 1012 2114 unde
1036 2080 1171 2115 Cicero
1202 2080 1246 2114 de
1269 2080 1406 2127 Legib.
1431 2081 1490 2119 ΙΙ,
1522 2091 1556 2126 9.
1578 2080 1604 2114 f.

909 2135 1041 2171 iubet:
1066 2137 1208 2184 Impius
1231 2150 1274 2169 ne
1298 2137 1433 2172 audete
1455 2135 1604 2182 placare

910 2191 1019 2225 donis
1047 2194 1139 2226 iram
1162 2193 1323 2228 deorum.
1369 2191 1602 2226 Doctrinam

908 2246 1016 2281 illam
1040 2248 1084 2282 ad
1107 2249 1269 2282 crimina
1291 2247 1502 2283 amantium
1518 2260 1601 2294 gra-

907 2303 1019 2337 viora
1039 2303 1235 2340 transtulit
1256 2303 1451 2340 Tibullus.
1505 2303 1603 2339 Tura

901 2357 938 2406 f.
982 2360 1071 2395 dare
1111 2373 1182 2408 pro
1234 2361 1436 2408 imponere
1479 2358 1598 2395 Ovid.

911 2416 1000 2450 Fast.
1034 2418 1107 2457 IV,
1137 2423 1230 2464 955..
1299 2418 1478 2452 Ceterum
1510 2427 1598 2449 ver-

911 2472 1005 2507 bum
1056 2486 1186 2507 moneo
1237 2482 1372 2520 poetae
1424 2469 1596 2517 elegiaci,

909 2540 1107 2576 praecepta
1121 2529 1263 2563 amoris
1276 2528 1476 2567 tradentes,
1492 2527 1597 2560 ul'ur-

909 2595 1021 2632 pant;
1062 2585 1142 2619 vid.
1175 2585 1268 2619 Not.
1303 2583 1348 2616 nd
1381 2584 1417 2621 I,
1451 2588 1500 2628 4,
1533 2592 1597 2628 79.

910 2651 947 2674 et
979 2643 1092 2688 Prop.
1125 2642 1164 2679 I,
1202 2654 1244 2680 1,
1271 2646 1333 2681 55.
1393 2640 1494 2679 Hoc,
1522 2651 1597 2673 mo-

908 2709 999 2737 neo,
1028 2699 1144 2733 vitate
1165 2696 1312 2731 malum.
1347 2696 1411 2730 W.
