1752 2974
534 132 645 169 LIB.
684 131 743 168 11.
814 127 991 166 ELEG.
1025 128 1072 163 V.

1445 127 1522 181 167

77 240 180 297 sed
199 255 325 294 tunc
352 243 624 311 pascebant
652 241 872 292 herbosa
892 241 1083 290 Palatia
1119 255 1327 297 vaccae,
1449 254 1515 298 25

152 336 219 382 Et
252 332 447 380 stabant
476 331 703 380 humiles
733 331 791 378 in
813 330 955 379 Iovis
987 343 1101 375 arce
1134 324 1287 374 casae.

75 425 230 472 Lacte
262 418 476 471 madens
509 418 620 464 illic
654 417 861 468 suberat
894 419 1000 465 Pan
1037 415 1174 463 ilicis
1209 412 1444 472 umbrae,

149 510 214 556 Et
246 505 376 554 facta
408 503 591 569 agresti
623 505 796 570 lignea
827 503 958 552 falce
992 503 1137 551 Pales
1149 518 1164 560 ;

73 593 443 657 Pendebatque
486 593 606 656 vagi
644 591 864 657 pastoris
906 593 964 638 in
1008 589 1193 638 arbore
1235 597 1444 644 votum,

150 680 369 728 Garrula
405 678 626 728 silvestri
663 676 1013 728 fistulasacra
1047 675 1167 734 deo,

74 765 293 824 Fistula,
348 769 436 814 cui
468 765 671 832 semper
708 764 953 815 decrescit
988 762 1263 812 arundinis
1299 761 1453 822 ordo.

1446 686 1518 731 50

147 857 213 903 Et
237 855 463 903 calamus
488 871 601 903 cera
625 855 866 919 iungitur
889 868 1062 917 usque
1090 852 1283 899 minor.

72 942 141 991 At
171 958 273 1006 qua
300 942 509 990 Velabri
540 943 687 1007 regio
714 951 880 1007 patet,
928 941 1005 988 ire
1037 937 1234 987 solebat

147 1030 383 1093 Exiguus
417 1027 564 1094 pulsa
589 1046 683 1094 per
712 1027 850 1077 unda
874 1028 1034 1076 linter
1054 1041 1201 1091 aqua.

130 1220 195 1257 25.
228 1215 404 1258 Palatia)
428 1224 600 1250 montem
625 1213 762 1250 Palati-

73 1283 180 1305 num.
242 1271 347 1317 Quae
367 1282 461 1304 mox
481 1283 520 1305 v.
535 1270 599 1305 26.
622 1270 668 1305 de
691 1271 761 1306 Ca-

73 1327 217 1374 pitolio
239 1326 438 1365 meminit,
472 1319 680 1361 ornatiora'
699 1326 763 1362 de-

76 1382 135 1417 dit
155 1383 297 1430 Virgil.
318 1385 409 1417 Aen.
430 1383 536 1420 VHI,
566 1390 657 1427 347.
680 1375 760 1430 sqq.

75 1439 127 1477 H.
169 1437 350 1486 profugas
374 1438 483 1473 boves
504 1448 539 1472 et
558 1436 660 1486 casas
681 1451 761 1472 me-

75 1506 203 1529 morat
233 1497 404 1542 Propert.
437 1495 503 1531 IV.
539 1507 573 1533 1,
602 1500 640 1539 4.
700 1495 762 1529 De

75 1549 378 1589 constructione,
407 1563 538 1585 vaccae
569 1547 765 1597 pascebant

75 1606 238 1645 Palatia,
259 1606 339 1642 vid.
361 1606 461 1655 supr.
488 1605 534 1641 ad
554 1606 603 1646 Π,
633 1615 670 1649 3,
696 1611 762 1651 42.

134 1728 200 1763 27.
229 1718 349 1753 Lacte
377 1715 552 1765 madens)
583 1719 612 1757 Ι,
638 1731 673 1759 1,
697 1716 764 1760 56.

199 1773 255 1809 Ee
294 1774 483 1822 placidam
516 1773 624 1822 soleo
658 1772 765 1823 spar-

379 1843 466 1878 gere
484 1830 578 1864 lacte
599 1830 736 1865 Palem.

79 1887 329 1925 Suaviffimus
378 1897 504 1921 autem
547 1885 613 1920 hic
656 1884 765 1921 locus

77 1944 333 1993 simplicitatis
361 1942 495 1991 specie.

137 2007 203 2046 28.
232 1999 337 2047 facta
350 1997 532 2046 —falce)
555 1996 679 2034 Culex
699 2003 766 2042 85.

190 2056 254 2092 Illi
269 2054 375 2103 falce
395 2055 481 2089 detes
510 2055 659 2094 colitur,
690 2067 766 2089 non

378 2119 458 2146 arte
486 2112 637 2159 politus.

81 2168 161 2206 falx
197 2178 321 2203 autem
358 2179 431 2216 pro
466 2167 591 2207 ferro,
632 2166 768 2208 securi,

83 2225 233 2264 cultro,
284 2234 329 2258 ut
368 2222 463 2258 alibi
510 2236 678 2271 quoque.
717 2224 768 2258 H.

81 2281 175 2315 Pani
204 2280 333 2314 illcem
363 2279 471 2316 fuisse
491 2279 628 2313 sacram
658 2279 772 2313 docet

81 2339 132 2372 H.
151 2335 299 2373 Voffius
330 2335 376 2370 ad
396 2334 503 2385 virg.
527 2335 662 2385 Eclog.
682 2335 770 2372 VH.

82 2405 122 2442 p.
146 2392 242 2435 361.
281 2393 344 2426 W.

142 2457 205 2496 29.
248 2447 530 2496 Pendebatque)
591 2458 772 2496 tanquam

87 2504 315 2543 donarium,
348 2516 394 2538 ex
419 2514 535 2540 voto:
567 2517 606 2539 v.
629 2501 773 2550 Virgil.

85 2560 168 2595 Eel.
210 2570 256 2604 7,
296 2565 358 2605 24.
401 2560 448 2595 cf.
487 2559 662 2595 Broukh.
706 2557 775 2606 qui

89 2617 202 2651 etiam
235 2616 279 2650 de
312 2613 445 2664 fzstula
476 2617 614 2665 septem
647 2614 776 2650 cannis

92 2670 359 2719 inaequalibus
413 2683 611 2724 compacta
657 2670 779 2707 multa

1424 1097 1519 1145 Illa

830 1210 1022 1261 congeffit.
1063 1222 1181 1257 vagus
1210 1207 1358 1257 pastor:
1397 1218 1438 1240 v.
1469 1204 1518 1238 acl

828 1272 859 1310 I,
883 1278 917 1312 3,
945 1277 1007 1315 39.
1059 1262 1240 1312 Sil'zreftris
1271 1263 1382 1297 deus.-
1413 1260 1519 1295 haud

830 1326 947 1360 dubie
972 1323 1171 1358 Silvanus:
1205 1320 1271 1356 etti
1297 1328 1333 1354 et
1352 1319 1397 1353 de
1418 1319 1519 1352 Pane

828 1378 1097 1428 accipipoffit;
1130 1376 1188 1412 sed
1208 1377 1240 1412 is
1261 1374 1520 1425 praecesserat.

828 1438 880 1472 H.
932 1432 1094 1478 Silvestri
1124 1434 1192 1468 deo
1225 1431 1264 1466 h.
1284 1446 1316 1466 e.
1349 1430 1424 1466 diis
1458 1427 1518 1464 fil-

829 1490 1030 1528 vesu-ibus.
1107 1491 1216 1525 Deus
1255 1485 1518 1522 collectivum,

832 1559 875 1583 ut
895 1549 923 1586 1,
951 1559 1012 1586 ιο,
1039 1558 1101 1593 19.
1132 1547 1180 1583 ΙΙ,
1199 1556 1231 1584 ι,
1253 1556 1290 1590 9.
1321 1544 1369 1583 11,
1393 1549 1429 1584 5,
1453 1549 1517 1587 95.

830 1604 921 1642 Vid.
952 1603 1149 1648 Heynium
1180 1599 1226 1634 ad
1254 1602 1282 1639 Ι,
1310 1611 1345 1639 1,
1373 1603 1433 1640 ¹4·
1463 1615 1520 1633 -τ

832 1657 969 1707 Fistula
989 1657 1110 1693 dicata
1144 1656 1190 1691 ab
1220 1654 1268 1690 iis
1289 1654 1416 1693 etiam,
1450 1654 1520 1701 qui

832 1726 951 1751 artem
998 1713 1158 1750 canendi
1194 1709 1429 1746 abiurabant.
1471 1709 1518 1745 cf.

830 1772 942 1820 Virg.
960 1769 1096 1819 Eclog.
1117 1770 1203 1808 VH,
1227 1776 1292 1801 ει.
1323 1767 1389 1801 W.

890 1837 954 1872 35.
990 1826 1139 1862 Velabri
1156 1823 1276 1872 regio)
1300 1832 1379 1858 erat
1395 1820 1519 1870 plani-

831 1884 904 1920 ties
934 1883 1037 1918 inter
1067 1879 1354 1930 Capitolinum,
1383 1876 1522 1912 Palati·

832 1953 928 1976 num
961 1949 998 1974 ct
1021 1938 1284 1976 Aventinum,
1329 1934 1371 1969 in
1404 1947 1520 1981 quam

834 1997 930 2032 olim
961 1993 1114 2030 Tiberis
1145 1991 1336 2028 exundare
1364 1989 1521 2030 solebat,

834 2063 1036 2100 antequam
1089 2049 1238 2085 cloacae
1292 2046 1523 2082 substractae

834 2107 1091 2156 stagnantibus
1119 2104 1229 2154 aquis
1257 2114 1294 2139 et
1314 2101 1523 2150 paludibus

837 2165 983 2200 exitum
1023 2163 1203 2198 fecerant.
1262 2157 1376 2208 (vid.
1427 2159 1524 2193 Luc.

837 2219 960 2257 fauni
988 2219 1034 2255 de
1054 2217 1248 2265 Antiquit.
1288 2214 1383 2251 Urb.
1408 2216 1523 2249 Rom.

838 2278 910 2311 111.
936 2287 966 2310 c.
993 2285 1029 2318 7.
1058 2288 1096 2323 p.
1121 2282 1212 2317 252.
1244 2273 1357 2307 Tom.
1380 2271 1408 2305 Ῑ.
1448 2268 1526 2304 Sal-

837 2332 969 2380 lengre
989 2332 1040 2368 N.
1064 2330 1138 2365 Th.
1161 2330 1261 2364 A.R.
1292 2327 1376 2371 W.)
1409 2328 1527 2372 Saepe

839 2388 916 2423 hoc
938 2395 1071 2436 poetae
1095 2386 1300 2432 attingunt,
1323 2396 1361 2418 ν.
1385 2394 1416 2418 c.
1438 2383 1529 2416 Pro-

839 2454 934 2494 pert.
959 2445 1025 2484 IV,
1059 2455 1095 2491 9,
1127 2449 1165 2485 5.
1209 2442 1275 2481 IV,
1303 2448 1338 2478 2,
1367 2448 1403 2481 7.
1425 2444 1462 2481 8.
1494 2447 1533 2472 er.

841 2499 1031 2549 inprimis·
1056 2498 1177 2536 ovid.
1208 2496 1300 2532 Fast.
1331 2496 1404 2534 VI,
1436 2499 1532 2536 401.

843 2557 923 2605 sqq.
984 2557 1027 2590 In
1056 2556 1154 2602 seqq.
1196 2563 1322 2589 autem
1359 2556 1410 2592 55
1432 2568 1446 2576 ·
1467 2557 1533 2592 57·

844 2613 988 2648 iterum
1031 2610 1189 2659 agnosco
1233 2605 1387 2643 Tibulli
1428 2605 1531 2654 inge-

845 2668 956 2706 nium
977 2667 1090 2706 etiam
1117 2666 1160 2702 in
1181 2663 1300 2716 epicis
1323 2661 1368 2700 ad
1391 2659 1534 2710 fimpli-

1429 2729 1534 2754 exora
