1752 2974
142 132 226 178 124

586 127 789 168 ALBII
846 124 1146 177 TIBVLLJ

215 249 478 305 Imminet,
517 255 568 294 et
592 246 748 292 tacito
773 243 906 292 clam
925 244 1074 292 venit
1095 241 1186 289 illa
1209 237 1360 305 pede.

141 338 275 389 Non
299 335 437 401 seges
459 333 530 382 est
551 329 704 389 infra,
726 347 837 379 non
857 332 1014 384 vinea
1035 331 1188 387 culta,
1213 326 1303 376 sed
1323 324 1492 376 audax
1517 336 1585 385 55

219 426 480 476 Cerberus
507 431 559 468 et
584 418 793 483 Stygiae
812 419 990 466 navita
1010 420 1181 484 turpis
1205 432 1399 482 aquae;

139 516 255 565 Illic
288 509 555 574 exesisque
585 508 732 573 genis
753 503 978 569 ustoque
1006 507 1199 572 capillo

219 605 368 650 Errat
394 597 459 645 ad
486 595 734 647 obscuros
757 592 954 659 pallida
980 593 1133 641 turba
1155 594 1314 642 lacus.

142 694 314 757 Quam
331 686 510 752 potius
523 682 820 734 laudandus
832 680 921 730 hic
940 678 1028 737 est,
1041 697 1218 744 quem,
1233 680 1385 745 prole
1400 685 1596 744 parata,

216 778 450 839 Occupat
469 774 528 821 in
550 789 710 838 parva
729 771 878 837 pigra
903 765 1106 816 senecta
1128 766 1263 821 casa'.

1521 768 1596 827 40

141 862 255 930 Ipse
277 860 391 910 suas
415 859 638 909 sectatur
662 875 805 915 oves,
847 867 896 904 at
923 854 1074 904 filius
1100 871 1283 920 agnos,

219 954 286 998 Et
307 949 530 997 calidam
550 938 682 996 fello
705 954 972 1011 comparat
997 959 1135 991 uxor
1158 957 1361 1006 aquam.

142 1040 227 1091 Sic
258 1055 356 1104 ego
390 1035 505 1095 sim,
554 1036 815 1099 liceatque
851 1042 1008 1101 caput
1035 1028 1339 1095 candescere
1365 1025 1526 1086 cani‘s,

203 1313 358 1360 Impune
392 1314 512 1343 tutum
541 1315 607 1350 per
631 1313 755 1337 nemus
781 1312 839 1335 ar-

485 1360 594 1397 batos

203 1423 395 1473 Quaerunt
423 1436 479 1446 —-

144 1479 263 1514 ineffe
306 1473 453 1510 nollem
497 1468 676 1507 statuiffet
725 1468 839 1503 Bent-

144 1536 261 1571 leius.
286 1533 352 1568 W.

204 1612 270 1657 56.
302 1609 428 1646 audax
460 1604 651 1648 Cerberus)
684 1602 723 1638 h.
752 1613 845 1649 pro-

144 1670 294 1709 tervus,
325 1667 467 1702 saevus,
498 1660 563 1696 vel
584 1661 727 1696 furens.
780 1658 844 1690 Se-

145 1740 239 1762 neca
270 1727 385 1760 Herc.
417 1721 492 1755 fur.
528 1723 649 1758 1105.
676 1713 845 1761 ferocem

148 1783 262 1820 dixit.
321 1778 431 1814 Idem
451 1773 555 1809 Med.
577 1776 672 1818 840.

205 1859 261 1868 --
282 1857 336 1864 ——
358 1844 410 1870 ειν
429 1833 588 1866 latratus

206 1895 343 1932 Audax
364 1891 502 1924 Hecate
525 1885 656 1920 edidit.

149 1965 189 1991 at
216 1950 284 1987 illa
315 1948 414 1984 trina
450 1942 575 1992 capita
605 1939 739 1975 canina
776 1937 845 1972 ha-

147 2010 279 2047 bebat.

206 2066 261 2100 ib.
284 2061 413 2098 navita¹
434 2049 566 2106 turpis)
577 2052 783 2100 squalidus.
799 2049 846 2084 cf.

148 2121 370 2169 Virg.Aen.
393 2116 456 2153 VI,
483 2117 574 2159 298.
598 2110 739 2156 sqq.H.
770 2109 846 2141 Eo-

151 2180 242 2214 dem
281 2174 386 2209 sensu
426 2170 663 2206 Charontem
716 2173 848 2199 tetrum

149 2233 345 2284 porthmea
395 2225 497 2262 dixit
537 2220 734 2262 Iuvenalis
778 2221 847 2259 III,

152 2291 247 2334 265.
272 2289 340 2323 W.

155 2399 160 2404 .
213 2377 278 2411 57.
307 2362 492 2412 ensisque
521 2358 647 2409 genis)
675 2357 716 2393 h.
741 2367 851 2391 carne

153 2424 311 2462 nudatis
353 2435 372 2454 a
403 2432 525 2467 rogo,
573 2427 658 2450 tum
685 2410 762 2461 usto
796 2426 851 2446 ca—

152 2482 263 2531 pillo.
329 2475 442 2512 Tales
484 2474 585 2510 enim
623 2471 671 2506 ad
704 2469 850 2504 inferos

155 2537 317 2572 umbrae
365 2530 588 2567 descendere
628 2528 691 2563 seu
721 2524 850 2560 crede-

157 2593 299 2629 bantur
339 2590 403 2624 seu
432 2587 557 2636 poetis
591 2583 851 2631 fingebantur,

159 2661 279 2696 eaque
311 2647 456 2684 forma,
492 2655 606 2691 quam
632 2640 698 2675 [ub
727 2637 853 2687 ipsum

158 2704 298 2741 mortis
319 2713 471 2751 tempus
498 2696 767 2735 exhibuiffent.
792 2694 855 2729 Sic

1319 1108 1601 1179 Temporis

907 1296 1144 1346 Deiphobus
1175 1296 1272 1330 lacer
1306 1302 1385 1329 erat
1409 1304 1466 1338 ap.
1487 1288 1607 1338 Virg-¹

909 1356 1004 1390 Aen.
1030 1355 1107 1392 VI,
1132 1359 1224 1397 495.
1265 1348 1464 1396 Eurydice
1496 1340 1603 1392 paffu

908 1409 1112 1445 incedebat
1140 1409 1185 1441 de
1215 1408 1362 1441 vulnere
1401 1402 1508 1438 tardo
1543 1412 1601 1447 ap.

911 1465 1029 1500 Ovid.
1042 1465 1090 1500 X.
1117 1464 1210 1497 Met.
1225 1469 1290 1508 49.
1312 1459 1490 1497 Add.XI,
1510 1456 1604 1503 691.

911 1521 1013 1557 conf.
1034 1519 1163 1555 Heius.
1186 1517 1341 1553 Advers.
1365 1516 1430 1553 IV,
1457 1526 1491 1547 1.

969 1609 1034 1647 59.
1065 1597 1227 1633 Tristem
1262 1595 1479 1630 inferorum
1511 1591 1606 1625 ima·

912 1657 1043 1706 ginem
1064 1653 1209 1701 excipit
1232 1652 1356 1686 suavis
1376 1650 1477 1685 vitae
1499 1647 1607 1683 rusti-

913 1727 975 1748 cae
1009 1709 1234 1758 descriptio,
1274 1708 1386 1756 plane
1418 1716 1461 1740 ut
1482 1706 1606 1739 Hora-

913 1770 989 1805 tius
1012 1768 1087 1803 Od.
1111 1769 1161 1804 ΙΙ,
1186 1770 1247 1810 14,
1277 1774 1389 1807 17-
1408 1767 1472 1807 24.
1517 1773 1608 1795 con-

913 1825 1104 1860 ditionem
1134 1821 1218 1870 post
1248 1831 1414 1855 mortem
1442 1827 1479 1851 et
1509 1817 1609 1851 hanc

911 1882 1035 1917 vitam
1057 1878 1249 1914 exhibuit.
1274 1895 1328 1903 -
1366 1883 1431 1921 40.
1452 1880 1608 1919 occupat

913 1938 953 1973 h.
978 1952 1008 1971 e.
1028 1945 1185 1983 repente
1207 1944 1244 1968 et
1265 1932 1441 1968 celeriter
1457 1930 1502 1964 ad
1518 1942 1607 1964 eum

915 1993 1086 2032 accedit,
1119 2001 1163 2025 ut
1185 1989 1286 2036 apud
1309 1989 1444 2025 Horat.
1468 1988 1515 2027 Π,
1546 1991 1607 2032 14,

916 2059 953 2093 5.
984 2046 1119 2097 instans
1132 2045 1293 2094 senecta.
1333 2041 1546 2089 Exemplis,
1566 2053 1611 2077 ut

914 2107 1052 2142 Horat.
1079 2105 1149 2152 Ep.
1170 2103 1200 2141 Ι,
1226 2112 1288 2140 20,
1317 2106 1378 2142 13.
1417 2101 1526 2134 usum
1551 2097 1609 2133 lo-

916 2160 1063 2210 quendi
1083 2166 1234 2206 occupat
1255 2154 1468 2206 mesenecta
1484 2153 1609 2189 firma-

916 2218 977 2255 vit
1000 2216 1156 2252 Statius.
1184 2215 1249 2249 W.

972 2279 1040 2320 42.
1070 2278 1260 2317 comparat
1284 2282 1375 2304 uxor
1397 2268 1547 2317 aquam)
1571 2267 1611 2302 h.

918 2340 1037 2379 parat.
1062 2325 1213 2362 Similia
1232 2325 1298 2360 ista
1315 2325 1472 2361 Horatii
1485 2324 1610 2374 Epod.

920 2394 957 2427 2,
982 2392 1046 2431 43.

977 2442 1126 2478 Sacrum
1149 2436 1296 2488 vetustis
1323 2435 1480 2487 exstruat
1497 2437 1611 2485 lignis

1196 2496 1322 2544 focum

1034 2553 1139 2604 Laffi
1153 2553 1222 2604 sub
1245 2553 1439 2588 adventum
1458 2551 1541 2586 viri.

978 2639 1044 2682 43.
1075 2635 1175 2668 canis
1192 2642 1263 2680 pro
1288 2629 1390 2664 canis
1415 2628 1561 2677 capillis
1577 2637 1614 2663 et

923 2691 1060 2729 Cicero
1075 2689 1121 2726 de
1134 2691 1280 2724 Senect.
1298 2698 1329 2722 c.
1346 2691 1407 2730 ιδ.
1422 2685 1533 2726 dixit.
1548 2685 1611 2719 W.
