1752 2974
353 119 704 163 CODtCIBVS
741 117 818 154 ET
859 111 1297 153 EDITIONIBVS.
1447 118 1554 151 XXV

226 237 361 289 Vulpii
377 265 389 284 ,
419 244 464 273 ut
482 234 596 271 modo
621 231 722 277 dixi,
755 228 924 279 vestigiis
943 226 1155 264 institeram
1176 226 1216 261 in
1241 224 1371 275 priore
1391 224 1553 260 maxime

110 306 350 349 recensione,
387 319 457 343 nec
480 305 527 340 ab
549 317 591 340 ea
621 299 845 338 recesseram
868 297 939 335 nisi
964 299 1004 335 in
1027 297 1122 333 locis
1142 296 1183 332 in
1208 292 1290 345 ipsa
1312 292 1554 343 praefatione

109 375 183 427 (p.
214 379 308 427 19.)
336 375 528 412 indicatis.
590 372 734 408 Maiore
767 384 870 406 nunc
911 368 1101 406 editorum
1140 365 1330 400 librorum
1367 370 1557 413 apparatu

111 444 339 492 instructus,
386 458 473 481 cum
509 438 804 493 perspexissem,
856 438 1040 486 Scaligeri
1082 435 1246 472 maximo
1284 435 1324 469 in
1364 434 1556 468 Muretum

112 514 380 551 malevolentia
406 515 548 550 factum
576 510 672 557 effe,
712 519 774 555 ut,
815 507 1074 545 emendatiore
1107 503 1271 541 Aldinae
1301 501 1489 540 secundae
1520 508 1558 538 et

110 585 249 620 Mureti
288 583 451 622 lectione
490 581 638 633 spreta,
698 588 941 616 revocaretur
982 560 1110 612 minus
1152 574 1351 610 emendata
1390 572 1558 608 Aldinae

110 653 253 704 prioris
298 653 433 698 lectio,
494 651 603 688 nolui
645 651 686 686 in
725 647 925 686 manifesta
973 645 1248 695 depravatione
1289 643 1483 692 Scaligero
1521 648 1561 677 et

111 720 350 758 Broukhufio
381 722 602 768 inhaererc;
644 718 709 756 sed
736 717 875 770 passim
908 716 1042 754 reduxi
1077 715 1281 752 lectionem
1313 712 1560 758 anteriorem,

109 793 291 842 inprimis
328 802 501 830 veterum
540 790 753 827 editionum
794 787 905 825 classe
943 786 1062 824 altera
1100 799 1146 821 ex
1184 785 1332 820 Veneta
1379 780 1559 833 principe

112 860 313 898 ductarum
328 891 337 908 ,
378 859 552 912 Regienfi
574 869 610 896 et
629 859 835 897 Vicentina
859 858 1044 903 maxime,
1074 869 1158 892 eam
1180 854 1379 898 firmante,
1409 859 1473 888 aut
1492 863 1560 887 co—

114 931 265 968 dicibus
299 931 638 983 adstipulantibus.

228 1045 478 1083 versaveram
500 1045 617 1091 olim,
657 1058 743 1080 cum
766 1043 814 1078 ad
843 1042 1017 1092 priorem
1045 1038 1302 1078 recensionem
1330 1036 1562 1082 accederem,

117 1122 152 1151 et
174 1115 419 1164 diligentius,
451 1129 566 1165 quam
587 1127 683 1164 opus
704 1113 801 1149 sorte
821 1118 921 1157 erat,
952 1118 1198 1147 enotaveram
1217 1107 1362 1143 librum
1380 1104 1565 1154 scriptum

118 1185 157 1219 in
182 1184 420 1222 bibliothec-a
441 1193 521 1221 tum
539 1185 677 1234 Regia
708 1179 723 1233 (
736 1182 838 1219 unde
867 1182 1050 1219 lectiones
1076 1178 1148 1215 hae
1171 1179 1297 1227 Regii
1319 1176 1470 1213 codicis
1491 1187 1566 1226 ‘¹⁰7‘

113 1254 216 1290 mine
256 1252 470 1305 designatae
505 1269 525 1291 a
568 1268 628 1292 me
670 1249 790 1304 sunt)
846 1263 952 1288 nunc
987 1247 1197 1286 Electorali
1248 1246 1408 1293 Ducali,
1467 1259 1564 1296 quae

118 1324 286 1360 Dresdae
311 1322 385 1369 est,
417 1322 621 1361 servatum.
681 1322 799 1359 Liber
820 1321 885 1357 ille
901 1317 1223 1369 quaternionibus
1244 1315 1412 1362 constat,
1443 1316 1567 1351 nitide

115 1402 153 1430 et
183 1408 260 1430 non
293 1393 569 1444 indiligenter,
618 1391 770 1429 saeculo
802 1391 887 1428 XV.
919 1396 1116 1426 exaratus:
1166 1400 1257 1423 nam
1284 1386 1360 1422 iam
1389 1384 1568 1423 infititios

117 1462 327 1515 Aurispae,
380 1464 446 1513 qui
485 1465 587 1499 circa
616 1463 697 1499 eius
736 1459 877 1497 saeculi
916 1458 1028 1494 initia
1059 1457 1178 1504 vixit,
1224 1454 1356 1494 versus
1399 1455 1567 1493 exhibet.

118 1534 336 1580 Catullum,
382 1533 582 1569 Tibullum
620 1540 656 1568 et
684 1530 929 1582 Propertium
962 1527 1153 1572 continet,
1196 1540 1275 1562 non
1305 1539 1417 1572 raro,
1463 1526 1570 1575 quod

120 1603 300 1652 inprimis
321 1603 360 1638 in
383 1599 586 1639 novissimo
605 1606 721 1652 poeta
745 1602 908 1645 factum,
949 1597 1062 1633 docta
1083 1609 1200 1632 manu
1227 1595 1460 1634 emendatos.
1519 1598 1568 1634 In

119 1682 222 1718 calce
242 1683 335 1720 haec
355 1683 555 1733 leguntur:
586 1711 610 1730 „
623 1684 768 1720 Elatus
783 1694 861 1730 per
880 1692 941 1716 me
959 1677 1143 1730 Iasonem
1162 1677 1210 1714 de
1231 1677 1391 1727 Mayno
1409 1688 1488 1714 cmo
1504 1677 1571 1714 (ίοὶ

119 1779 149 1800 ³>
152 1753 444 1804 septuagesimo
472 1767 573 1791 nono
594 1753 722 1804 super
751 1752 953 1789 millenum
978 1753 1341 1799 qzaatercentenum.
1401 1748 1572 1785 Decimo

120 1834 326 1886 „septimo
352 1833 458 1869 Klas
494 1833 683 1872 Octobres
722 1834 882 1870 circiter
914 1829 1111 1867 decimam
1150 1833 1338 1864 octavam
1373 1826 1573 1866 horam.“

122 1905 185 1941 Ab
213 1904 287 1940 hoc
316 1904 363 1941 de
392 1905 533 1954 Mayno
563 1903 612 1940 ad
632 1903 856 1945 Fabricium
885 1894 1236 1942 Chemniiiensem,
1276 1905 1312 1933 et
1341 1910 1428 1934 cum
1456 1897 1573 1936 huius

125 1971 355 2025 supplectile
377 1973 540 2011 libraria
560 1974 602 2010 in
620 1973 898 2010 bibliothecam
909 1964 1166 2007 Dresdensem
1189 1966 1308 2004 codex
1331 1968 1361 2004 is
1380 1969 1571 2019 pervenit.

124 2046 212 2082 Non
242 2044 399 2095 quidem
425 2045 546 2082 multa
573 2043 763 2082 notabilia
793 2043 833 2079 in
860 2046 997 2093 poetae
1031 2038 1220 2084 lectione,
1272 2045 1336 2074 aut
1364 2052 1387 2075 a
1418 2038 1573 2089 vulgata

127 2114 291 2162 diversa,
321 2115 529 2163 offerebat,
560 2114 772 2151 nunnullas
793 2121 920 2149 tamen
940 2109 1125 2146 lectiones
1148 2108 1261 2145 unius
1284 2108 1342 2146 vel
1360 2122 1574 2160 paucorum

126 2185 318 2222 librorum
347 2186 571 2222 auctoritate
604 2182 786 2221 subnixas
815 2180 882 2219 suo
914 2178 1096 2230 suffragio
1127 2177 1393 2216 confirmabat.
1469 2178 1574 2215 Illud

128 2269 220 2293 vero
243 2256 283 2292 in
305 2269 349 2292 eo
370 2255 551 2306 inprimis
573 2253 843 2299 memorabile,
881 2250 985 2301 quod
1004 2247 1136 2287 versus
1160 2246 1336 2286 infititios
1360 2248 1575 2300 interpola·-

129 2335 257 2362 torum
295 2325 450 2362 nomine
492 2333 704 2363 notaverat.
783 2323 964 2360 Libro'I.
994 2319 1088 2370 eleg.
1119 2332 1158 2357 2.
1190 2317 1276 2370 post
1297 2332 1334 2357 v.
1359 2319 1427 2356 24.
1458 2318 1578 2368 vulgo

132 2393 314 2432 inseritur
360 2381 573 2442 distichon,
642 2393 747 2445 quod
788 2393 855 2431 ille
894 2404 981 2429 cum
1031 2389 1180 2441 duplici
1228 2396 1469 2440 pentametro
1506 2400 1575 2425 ex·-

133 2464 311 2503 hihebat:
1410 2447 1414 2452 “

247 2537 315 2574 En
344 2547 416 2586 ego
443 2548 533 2572 cum
561 2533 731 2573 tenebris
759 2541 844 2572 tota
866 2545 997 2582 vagor
1022 2533 1171 2569 anxias
1192 2528 1306 2575 urbe)

305 2605 490 2653 Presidio
518 2607 645 2642 noctis
665 2604 796 2657 sentio
826 2602 954 2650 adeffe
988 2603 1116 2641 deam.

308 2677 503 2716 Securum
529 2678 574 2715 ιή,
591 2674 760 2731 tenebris
779 2687 842 2714 me
854 2673 973 2728 facie
997 2674 1070 2723 effe
1095 2672 1241 2712 Venus,
