1752 2974
192 169 323 202 xvnr
726 158 803 196 DE
840 156 1099 196 TIBVLLl

307 274 435 312 Ianus
455 272 596 325 Dottsa
618 279 728 322 pater
752 286 770 306 a
795 268 922 320 Lipfio
944 255 1150 307 lectionum
1180 270 1217 306 in
1240 265 1442 306 Tibullum
1471 268 1640 304 vax-ieta·-

195 351 249 380 tes
270 351 489 392 acceperat,
522 356 615 392 quas
640 341 725 385 illc,
757 338 848 375 dum
871 340 1013 376 Romae
1041 340 1153 387 ess'ct,
1186 354 1232 377 ex
1253 340 1422 388 antiqua
1443 336 1641 374 membra-

196 426 413 450 nac-eorum
432 412 616 449 codicum
626 410 717 458 fiale
738 407 997 458 excerpserat,
1036 423 1056 445 e
1078 410 1219 460 quibus
1247 406 1470 456 insigniores
1495 420 1642 444 memo-

197 484 297 518 ravit
336 483 375 517 in
413 479 680 517 Praecidancis
722 477 762 511 in
794 477 996 514 Tibullum
1028 492 1061 514 c.
1098 480 1159 516 15.
1187 478 1248 514 16.
1311 477 1408 512 Sunt
1442 475 1540 511 inter
1582 487 1644 511 eas

199 551 435 596 nonnullae,
474 563 568 598 quae
592 549 629 583 in
653 546 773 582 nullis
796 546 881 583 aliis
902 547 1014 584 libris
1039 548 1308 598 reperiuntur,
1340 553 1381 581 ut
1401 545 1511 581 facile
1530 542 1648 594 possit

200 618 368 670 suspicio
401 616 599 661 subnasci,
652 615 756 651 libro
790 613 930 652 nostris
962 618 1178 667 antiquiore
1210 614 1379 666 Lipfium
1411 612 1520 651 usum
1550 611 1647 662 effe,

199 703 333 728 verum
362 687 449 724 sunt
477 700 541 723 eae
575 686 652 722 sere
683 684 892 731 eiusmodi,
934 692 977 721 ut
1005 699 1031 723 e·
1057 686 1132 723 viri
1163 686 1325 723 alicuius
1355 685 1458 721 docti
1491 683 1648 734 ingenio

200 759 396 809 profectae
424 754 498 792 esse
526 755 652 793 videri
679 752 835 805 possint.
906 754 1003 791 Nam
1032 755 1135 805 quod
1164 755 1237 792 hoc
1268 753 1399 792 saltem
1428 755 1512 790 loco
1541 768 1561 790 a
1589 767 1649 790 me

202 826 438 864 monendum
460 824 535 871 est,
575 838 684 870 cum,
727 823 941 861 litterarum
970 825 1216 874 antiquarum
1236 823 1362 861 studio
1381 825 1560 869 reducto,
1601 824 1653 860 ad

201 898 381 947 poeticen
399 895 614 931 Romanam
635 892 844 930 multorum
866 894 1021 943 ingenio
1042 892 1193 930 saeculo
1211 895 1316 931 XIV.
1338 903 1374 931 et
1391 896 1476 933 XV.
1497 892 1535 931 se
1554 906 1652 930 con-

201 972 418 1010 verterent,
460 963 641 1000 Tibullus
665 963 845 1014 inprimis
870 963 941 999 fuit
962 964 1017 1009 is,
1058 977 1170 1013 quem
1200 964 1459 1014 exprimerent
1480 964 1653 1000 certatim

202 1035 306 1072 Itali.
386 1033 560 1070 Laudari
600 1034 676 1069 iam
715 1030 831 1082 supra
860 1033 1064 1069 Herculem
1095 1034 1310 1079 Strozzam,
1361 1031 1652 1076 Sannazarium,

205 1106 450 1150 Pontanum;
496 1102 647 1140 videbit
685 1101 782 1137 alios
815 1102 869 1147 is,
916 1103 983 1152 qui
1023 1103 1209 1139 Italorum
1252 1107 1455 1154 poetarum
1495 1100 1654 1137 delicias

207 1174 360 1210 adierit.
419 1173 502 1208 Hoc
532 1169 910 1222 ingenioslffimorum
939 1171 1140 1208 hominum
1175 1171 1301 1208 studio
1333 1173 1474 1209 factum
1498 1168 1573 1216 est,
1612 1177 1656 1205 ut

207 1242 360 1280 Tibulli
389 1242 622 1293 exemplaria
650 1242 991 1279 circumferrentur
1021 1240 1158 1292 passim
1190 1256 1210 1278 a
1238 1243 1333 1279 viris
1361 1241 1482 1278 doctis
1521 1253 1656 1276 emen—

209 1313 320 1361 data,
374 1312 524 1349 lacunis
557 1312 678 1348 etiam
708 1309 920 1362 suppletis,
974 1312 1145 1361 adeoque
1185 1311 1374 1348 eiusmodi
1411 1308 1658 1361 exemplaria,

209 1397 330 1434 quae,
360 1396 452 1421 vero
474 1382 654 1428 nomine,
694 1382 927 1432 interpolata
948 1390 1069 1419 erant.
1130 1380 1250 1418 Multa
1277 1381 1394 1430 igitur
1421 1377 1658 1416 eliminanda

210 1455 318 1492 fuere
350 1454 388 1488 in
419 1452 557 1502 primis
590 1452 730 1487 Mureti
770 1450 1076 1499 recenfionib1153
1127 1451 1177 1487 de
1207 1450 1346 1500 quibus
1376 1448 1533 1499 fingulis
1562 1447 1658 1484 locis

212 1522 445 1559 monuimus.
516 1520 642 1568 Atque
682 1519 777 1555 haec
814 1532 900 1556 cum
939 1533 1020 1556 non
1061 1518 1242 1570 fugissent
1278 1521 1354 1571 Ios.
1387 1520 1657 1568 Scaligerum‚

211 1592 341 1630 virum
366 1589 501 1626 iudicii
532 1597 569 1625 et
594 1589 741 1638 ingenii
764 1589 803 1626 vi
826 1588 1212 1640 praestantisfimum,
1253 1603 1339 1626 cum
1366 1588 1436 1626 fibi
1466 1589 1661 1626 videretur

212 1676 294 1699 nou
312 1673 436 1711 pauca
459 1658 543 1695 loca
567 1657 607 1693 in
629 1657 778 1694 Tibulli
800 1659 932 1709 elegiis
953 1659 1265 1710 deprehendere,
1305 1673 1401 1709 quae
1433 1657 1541 1694 nullo
1570 1656 1662 1694 sen·-

213 1729 280 1769 sus
311 1727 469 1767 vinculo
502 1729 603 1764 in'ter
632 1726 670 1765 se
701 1729 1142 1780 comprehenderentur,
1194 1743 1279 1766 cum
1312 1729 1351 1766 in
1381 1742 1426 1765 eo
1465 1725 1664 1765 subfistere

217 1800 395 1846 deberet,
438 1806 489 1835 'ut
520 1798 692 1849 plurium
728 1799 938 1849 elegiarum
977 1800 1165 1850 excerptis
1193 1801 1359 1850 primam
1391 1807 1427 1835 et
1457 1796 1663 1834 secundam

216 1869 312 1907 libri
342 1869 460 1919 primi
483 1867 654 1905 constare
676 1868 841 1915 diceret,
881 1884 926 1907 eo
948 1870 1122 1917 devenit,
1162 1879 1204 1907 ut
1222 1868 1354 1907 versus
1376 1867 1585 1906 nonnullos
1619 1881 1665 1904 ex·

218 1939 347 1977 minus
369 1937 569 1974 commodo
590 1939 631 1974 in
657 1939 978 1986 commodiorem,
1009 1948 1051 1976 ut
1072 1940 1106 1977 ei
1128 1940 1353 1986 videbatur,
1383 1939 1509 1976 locum
1532 1946 1665 1975 trans-

218 2010 358 2057 ferret3
400 2008 505 2058 quod
525 2007 743 2045 institutum
763 2009 865 2046 idem
892 2010 931 2046 in
954 2011 1178 2060 Propertio,
1209 2011 1323 2047 etiam
1344 2009 1383 2058 in
1406 2008 1589 2054 Manilio,
1629 2015 1667 2045 et

219 2080 261 2116 in
283 2078 477 2129 Sulpiciae
499 2076 636 2126 satira,
668 2078 797 2117 Dousa
821 2079 976 2128 quidem
1003 2089 1039 2117 et
1058 2080 1215 2117 Barthio
1235 2079 1446 2131 probante,
1487 2076 1665 2115 servavit.

220 2150 271 2187 Et
298 2147 419 2186 nostri
451 2148 607 2198 quidem
636 2155 772 2200 poetae
803 2150 965 2199 elegiam
996 2151 1186 2201 primam,
1244 2157 1285 2186 ut
1327 2149 1530 2199 plerasque
1572 2148 1666 2185 libri

220 2219 387 2271 prioris,
439 2218 556 2269 plane
589 2218 809 2270 discerpfit,
858 2229 896 2257 et
932 2229 1115 2270 tanquam
1156 2218 1315 2270 Absyrti
1346 2220 1507 2256 alicuius
1541 2218 1667 2255 lacera

222 2289 419 2335 membra,
447 2297 576 2339 partes
598 2290 680 2326 eius
701 2287 890 2340 dispersit.
949 2291 1171 2336 Enimvero,
1195 2297 1236 2326 ut
1260 2289 1488 2336 concedam,
1522 2288 1668 2337 aliquot

222 2360 407 2411 paginas,
459 2359 607 2410 aliquot
641 2357 796 2406 versus,
849 2360 953 2410 quod
991 2360 1210 2406 interdum,
1263 2373 1300 2397 v.
1333 2374 1366 2397 c.
1400 2360 1441 2396 in
1480 2359 1668 2404 Luciano,

224 2429 367 2468 factum
385 2428 576 2476 vidimus,
607 2427 855 2480 transpositos
867 2427 968 2478 effe,
990 2429 1031 2479 *)
1071 2438 1196 2468 tamen
1217 2429 1317 2467 illud
1337 2428 1568 2466 incredibile
1599 2426 1667 2475 est,

1625 2499 1670 2536 in

270 2608 312 2651 ᾗ)
338 2607 499 2654 Scaliger
516 2610 759 2651 inlconunent.
782 2623 820 2655 p.
835 2612 914 2645 216.
975 2612 1086 2657 plar,
1111 2625 1155 2645 ox
1175 2623 1244 2658 quo
1262 2610 1381 2644 omnia
1405 2608 1550 2651 Tibulli,
1577 2620 1669 2655 quae

225 2665 358 2711 Legem
387 2667 502 2700 vitam
524 2668 630 2702 huius
657 2672 791 2713 poetae
817 2670 917 2713 apud
979 2669 1084 2702 hodie
1124 2675 1271 2710 extant,
1321 2674 1535 2713 propagata
1566 2666 1670 2712 sunt,

224 2720 270 2753 L.
295 2723 521 2768 Gyraldum5
553 2725 605 2759 ibi
624 2725 763 2760 ridebis
794 2738 912 2760 exem-
979 2727 1121 2774 aliquot
1139 2725 1302 2775 pagellis
1328 2724 1559 2771 transpositis
1585 2729 1670 2754 tm·-

1540 2780 1666 2815 batum
