1752 2974
167 121 223 164 64
611 109 802 154 ΛΜΗ
866 105 1165 157 Tissvhri

245 240 313 287 At
339 235 495 285 dolor
527 233 586 280 in
622 227 858 276 lacrimas
880 232 1106 271 verterat
1130 237 1288 269 omne
1311 234 1534 269 merum.

170 330 330 391 Saepe
357 325 511 371 aliam
533 317 698 370 tenui,
718 311 806 359 sed
818 314 923 358 iam
936 327 1105 376 quum
1121 308 1310 374 gaudia
1324 307 1540 364 adirem,

253 409 547 463 Admonuit
574 401 820 451 dominae
845 397 1177 462 deseruitque
1196 399 1388 445 Venus.

1544 397 1616 455 40

171 507 328 554 Tunc
362 513 446 546 me
480 494 737 541 devotum
759 486 1073 536 descendens
1099 484 1297 533 femina
1317 483 1466 540 dixit,

252 592 344 643 Et,
383 581 553 649 pudet
581 576 715 627 heu!
755 585 929 624 narrat
951 572 1078 620 scire
1105 570 1330 621 nefanda
1350 586 1479 619 mea.

177 817 377 859 aestuantis
422 813 541 850 animi
580 809 775 846 levamine
806 820 866 842 re-

174 889 302 930 perto,
335 873 430 908 diris
453 871 519 904 ille
546 880 661 903 anum
687 866 867 904 devovet,

176 937 287 981 seque
328 939 536 978 pauperem
578 922 729 972 puellae
760 933 868 955 com-

176 989 352 1026 mendat,
383 982 516 1019 multis
539 977 757 1015 commodis
777 989 870 1011 enu-

175 1045 353 1083 meratis,
386 1053 480 1089 quae
501 1052 517 1073 a
537 1047 706 1086 paupere
727 1042 870 1067 amato-

177 1117 219 1139 re
262 1095 508 1148 exspectanda
539 1096 619 1128 sint.
650 1093 700 1126 H.
763 1091 869 1136 Quo-

176 1159 297 1195 modo
343 1155 439 1189 haec
478 1164 565 1186 cum
601 1145 869 1195 superioribus

179 1212 436 1252 conveniant,
467 1209 610 1243 docent
628 1203 732 1240 Obff.
759 1203 824 1237 W.

239 1312 303 1350 53.
332 1298 524 1345 verterat)
574 1294 872 1341 Plusquamper-

179 1363 292 1402 fecti,
334 1359 381 1393 ad
409 1353 603 1404 sequentia
633 1352 750 1397 Saepe
779 1363 813 1383 a.
848 1356 873 1381 ε.

179 1415 396 1458 referendi,
428 1413 517 1451 usu,
549 1405 755 1444 Tibullum
777 1405 873 1438 vino

179 1477 289 1526 prius
338 1482 446 1506 curas
491 1466 646 1512 abigere
694 1469 876 1495 conatum

182 1533 275 1571 effe,
306 1535 480 1564 accurate
509 1519 750 1556 monstratur.
779 1516 846 1550 W.

242 1631 305 1668 59.
362 1616 489 1659 tenui)
546 1611 586 1646 in
634 1605 877 1656 amplexibus

181 1676 316 1716 habui.
375 1674 528 1710 Notum
559 1666 639 1701 dici
670 1664 715 1698 de
737 1676 777 1697 re
802 1663 877 1698 Ve-

182 1747 316 1773 nerea,
348 1744 386 1766 v.
415 1727 504 1762 infr.
538 1725 599 1765 II,
621 1722 668 1762 6,
693 1727 779 1763 52„
816 1718 878 1753 uti

183 1804 279 1828 mox
303 1787 456 1836 gaudia.

245 1878 309 1912 120.
336 1862 543 1901 Admonuit
561 1858 758 1898 dominae)
787 1866 877 1903 pro-

183 1927 267 1977 prie
307 1936 348 1958 ac
385 1916 642 1968 significanter
683 1911 881 1947 admonuit:

185 1980 293 2029 (scil.
323 1979 406 2020 me)
448 1974 637 2022 positum;
693 1969 741 2002 fic
775 1966 879 2001 enim

187 2038 357 2076 dicitur,
407 2028 597 2080 quicquid
629 2038 717 2062 cum
747 2023 879 2070 aliquo

187 2093 321 2130 aculeo
343 2088 458 2125 nobis
471 2087 512 2120 in
528 2082 755 2119 memoriam
767 2078 882 2114 redit.

189 2149 311 2188 Ovid.
333 2148 428 2181 Met.
454 2144 530 2182 IX,
561 2145 653 2186 524.

249 2205 373 2242 Dixit,
421 2208 482 2239 ec,
522 2197 715 2232 admonitu
752 2192 885 2228 veteris

423 2261 607 2291 commota
626 2246 824 2297 minzflrae,

249 2316 445 2366 Ingemuit.

190 2388 232 2413 v.
255 2370 433 2410 Broukh.

250 2446 318 2500 4¹1,
359 2451 530 2485 devotum
565 2463 622 2471 -—
659 2442 784 2486 dixit)
820 2439 884 2474 de-

193 2519 306 2547 votus
354 2505 403 2542 est
442 2500 633 2538 veneficio
675 2507 885 2537 contactus,

197 2567 262 2602 eui
286 2563 412 2599 alieno
433 2558 569 2596 [celere
591 2554 777 2604 (magicis
799 2553 888 2586 arti·

195 2622 292 2663 bus,
326 2619 409 2655 vid.
443 2614 561 2653 Ovid.
589 2615 721 2648 Amor.
747 2611 825 2648 ΙΙΙ,
851 2617 889 2650 7,

199 2688 264 2722 27.
293 2678 390 2721 W.)
438 2672 500 2712 vis
518 2668 687 2706 mascula*
702 2664 889 2716 deperiitz

1490 656 1622 705 Non

935 805 1041 841 idem
1092 804 1235 850 dcfixus
1286 802 1429 837 dicitur
1446 826 1458 842 ‚
1518 796 1625 847 quod

938 875 1074 896 eorum
1134 860 1322 906 imagines
1383 869 1507 892 cereas
1560 853 1627 890 vel

937 917 1063 952 laneas
1127 915 1271 950 acubus
1340 912 1627 948 confodiebant.

939 974 1060 1009 Ovid.
1088 971 1202 1020 Epist.
1232 970 1302 1007 VI.
1331 971 1454 1017 Hyps.
1487 978 1524 1003 v,
1559 980 1626 1015 91.
1652 977 1653 980 ’

940 1042 976 1065 et
1004 1029 1131 1065 Heius.
1163 1028 1208 1063 ad
1230 1028 1302 1062 ΙΙΙ.
1332 1026 1414 1060 Am.
1443 1033 1479 1065 7,
1505 1033 1569 1071 29.
1590 1036 1630 1058 V.

940 1089 1031 1124 Stat.
1065 1096 1101 1121 et
1129 1082 1305 1120 Broukh.
1336 1082 1382 1116 ad
1405 1081 1443 1117 h.
1464 1080 1490 1116 l.
1548 1079 1631 1116 Nifi

940 1155 1066 1179 tamen
1101 1141 1261 1188 defigere
1289 1139 1330 1173 in
1360 1138 1421 1172 his
1448 1136 1630 1185 fimplici·

940 1210 998 1236 ter
1020 1198 1068 1234 est
1089 1194 1335 1240 immobilem
1362 1194 1534 1233 reddere,
1567 1192 1630 1228 ad-

941 1268 1067 1302 eoque
1094 1254 1236 1300 defixus
1262 1252 1386 1289 iners,
1418 1251 1629 1284 immotus:

941 1323 986 1347 ut
1007 1310 1125 1358 defigi
1143 1320 1272 1347 metu,
1299 1309 1346 1342 [ic
1367 1317 1492 1341 cantu.
1531 1307 1632 1341 Con-

941 1369 1052 1403 venit
1084 1379 1131 1401 ex
1170 1376 1275 1413 parte
1313 1364 1480 1408 θέλγειν,
1525 1361 1632 1397 debi-
1667 1388 1680 1389 ἶ

943 1423 1063 1458 litatis
1100 1433 1164 1457 aut
1192 1422 1332 1457 mentis
1364 1430 1430 1454 aut
1458 1418 1635 1467 corporis

943 1479 1109 1514 viribus.
1130 1479 1180 1512 H.
1218 1478 1398 1512 Ceterum
1419 1476 1505 1510 usus
1524 1473 1635 1509 verbi

946 1535 1159 1584 descendere
1179 1546 1251 1581 pro
1274 1531 1497 1567 descendere
1519 1529 1635 1570 lecto,

945 1606 1034 1628 cnm
1073 1590 1192 1624 huius
1233 1589 1382 1624 mentio
1417 1587 1514 1622 facta
1556 1599 1638 1622 non

947 1649 1054 1688 esset,
1112 1645 1297 1680 audacior
1346 1643 1461 1678 simili
1510 1654 1637 1679 tamen

945 1703 1060 1741 verbi
1076 1702 1226 1752 surgere
1245 1713 1318 1750 pro
1331 1701 1481 1748 surgere
1503 1699 1635 1735 electo

945 1763 1085 1796 Horat.
1108 1761 1183 1793 Sat.
1204 1760 1254 1798 II,
1277 1767 1313 1796 2,
1333 1763 1401 1801 81.
1433 1753 1636 1790 confirma-

947 1829 1023 1854 tur.
1053 1816 1137 1852 Nec
1156 1825 1299 1849 temere
1323 1813 1451 1851 cubare
1472 1814 1503 1852 Ι,
1522 1826 1555 1850 1,
1569 1817 1638 1857 45.

948 1877 988 1914 Ι,
1013 1873 1059 1914 6,
1089 1884 1150 1906 11.
1177 1877 1239 1915 ²8·
1271 1868 1440 1904 absolute
1470 1868 1637 1916 positum

949 1941 1016 1965 aut
1046 1926 1259 1976 descendere
1293 1925 1395 1974 apud
1427 1922 1638 1959 Horatium

951 1986 1027 2022 od.
1057 1986 1139 2023 ΙΙΙ,
1174 1992 1249 2023 21,
1283 1992 1332 2027 7„
1352 1980 1440 2015 loco
1470 1992 1549 2014 non
1570 1992 1639 2015 no-

949 2053 1052 2082 tato,
1081 2037 1376 2087 comparaveris.
1407 2037 1473 2071 W.

1011 2105 1075 2141 42.
1106 2104 1231 2132 narrat
1244 2094 1339 2143 scire
1358 2091 1522 2140 nefanda
1541 2093 1640 2135 mea)

951 2154 1123 2203 Vulpius
1173 2158 1303 2186 narrat
1345 2148 1441 2197 scire
1485 2148 1639 2196 accipit,

954 2211 1062 2251 dicit,
1092 2207 1309 2257 profitetur,
1337 2207 1371 2240 fe
1394 2205 1487 2240 scire
1507 2214 1641 2251 torpo-

949 2280 1033 2305 rem
1049 2265 1163 2302 nervi
1181 2264 1271 2299 mei.
1314 2261 1401 2297 Alia
1422 2260 1472 2296 est
1489 2258 1641 2295 Brouk-

949 2323 1052 2360 hufii
1075 2321 1281 2370 expositio,
1307 2329 1352 2354 ut
1363 2316 1458 2366 scire
1479 2314 1644 2363 nefanda

950 2394 1021 2430 per
1041 2378 1292 2427 graecismum
1317 2376 1360 2410 fit
1375 2399 1385 2413 ,
1409 2372 1545 2421 vulgat
1563 2371 1642 2419 pas-

951 2440 1019 2473 fim
1045 2433 1316 2484 impotentiam
1346 2442 1492 2469 meam,
1526 2439 1642 2475 quam

953 2494 1046 2529 scire
1071 2492 1114 2526 in
1140 2488 1284 2537 vulgus
1312 2487 1414 2525 nefas
1447 2484 1508 2520 est.
1575 2484 1643 2517 Fa-

956 2548 1117 2585 tendum
1149 2557 1276 2581 tamen
1310 2543 1381 2583 est,
1421 2542 1526 2576 huno
1555 2551 1643 2575 ver-

957 2607 1039 2641 sum
1068 2617 1148 2639 non
1181 2602 1331 2640 minus,
1376 2610 1490 2646 quam
1517 2596 1643 2644 ipsum

959 2660 1185 2700 Tibullum,
1214 2657 1409 2704 languere.
1441 2667 1482 2692 v.
1505 2650 1609 2690 Obss'.
