1752 2974
220 112 307 142 xvi
754 102 828 138 DE
868 99 1131 140 TIBVLLI

217 213 402 250 Obtinuit
447 216 551 251 enim
589 216 853 265 principatum
892 212 1033 260 altera,
1081 212 1146 250 etsi
1180 213 1371 260 deterior,
1417 211 1555 261 lectio,
1593 228 1666 266 per

217 281 386 322 Venetas
408 291 444 319 ct
463 283 627 320 Aldinas
647 291 857 334 propagata
872 309 881 327 ‚
913 296 1025 332 quam
1059 283 1212 319 tandem
1243 281 1482 332 deprehendi
1509 298 1554 321 ex
1575 285 1662 322 Ro·

217 366 340 391 mana
362 351 543 390 manaffe.
603 354 704 388 Haec
729 353 847 402 igitur
868 352 1060 390 Romana
1086 351 1190 402 quasi
1217 366 1290 402 pro
1317 354 1450 390 altera
1476 355 1665 402 princ-ipe

215 421 417 467 habenda,
459 422 571 458 ducta
600 430 637 457 et
668 418 750 470 ipsa
777 420 882 456 haud
905 421 1022 458 dubie
1043 436 1088 458 ex
1109 422 1262 466 codice,
1297 419 1362 457 sed
1384 422 1511 458 minus
1531 436 1663 460 emen—

219 491 329 536 dato,
360 491 566 541 diligenter
584 490 674 526 olim
702 503 723 525 a
743 504 805 530 me⁴
825 489 994 537 excussa,
1036 491 1185 541 prodiit
1215 491 1332 541 1475.
1367 488 1547 528 subiectis
1568 492 1664 543 Cyl-

216 560 310 596 lenii
332 560 640 603 commentariis,
672 572 768 608 quos
794 558 858 595 ille
886 559 934 595 ad
962 561 1133 597 codicem
1154 558 1263 597 suum
1289 558 1474 610 seriptum
1495 561 1664 598 adorna—

217 638 335 666 verat.
396 631 451 666 Ex
483 628 554 664 hac
582 627 756 664 certatim
776 626 971 678 exprcffae
993 627 1082 666 sunt
1106 627 1320 667 Brixienses
1345 629 1464 667 1486.
1495 629 1664 671 Venetae

225 700 344 747 1487.
373 699 491 748 1491.
522 695 642 747 1493.
669 696 788 734 1500.
810 706 846 734 et
871 699 989 735 1520.
1011 695 1077 734 sed
1096 699 1228 749 paffim
1248 713 1290 736 ac
1308 699 1412 736 varie
1435 712 1480 735 ex
1495 696 1663 748 Cyllenii

214 766 522 813 commentariis,
556 766 653 803 sorte
685 774 721 802 et
752 767 839 803 aliis
869 767 956 803 edd.
981 767 1259 817 interpolatae,
1300 769 1441 819 quibus
1473 768 1590 813 alius,
1622 776 1665 806 ut

215 837 318 881 dixi,
363 836 483 872 codex
512 849 585 886 pro
618 836 740 872 fundo
769 837 854 873 fuit.
929 835 1145 874 Successore
1176 837 1237 874 his
1266 839 1454 875 editiones
1482 838 1662 884 Aldinae,

213 919 310 954 quae
339 905 455 951 olim,
496 919 583 942 eum
608 906 780 943 Dresdae
809 908 1000 951 viverem,
1040 907 1089 943 ad
1120 921 1255 943 manus
1292 922 1369 944 non
1398 916 1526 954 erant,
1559 921 1665 944 nunc

212 984 340 1011 autem
361 975 506 1025 partim
530 975 569 1011 in
594 974 832 1013 bibliotheca
856 977 1046 1026 Georgiae
1077 975 1292 1026 Augustae,
1320 979 1462 1027 partim
1490 978 1663 1014 virorum

210 1046 316 1080 omni
346 1045 492 1094 ingenii
510 1042 838 1095 humanitatisque
858 1046 965 1082 cultu
989 1046 1247 1096 expolitorum
1278 1055 1314 1083 et
1343 1046 1663 1091 amicissimorum,

209 1115 329 1151 Duvii
364 1123 401 1151 et
429 1112 646 1160 Brandefii,
699 1123 779 1150 tum
810 1115 1092 1165 Kulenkampi,
1146 1116 1324 1166 Collegae
1356 1116 1663 1162 coniunctissimi,

208 1184 504 1231 benevolentia,
536 1183 632 1221 mihi
653 1181 740 1220 sunt
761 1185 910 1222 oblatae
939 1199 982 1221 ac
1002 1184 1154 1221 miflae:
1198 1194 1310 1235 atque
1340 1186 1479 1221 horum
1509 1186 1662 1222 demum

209 1254 489 1304 exemplarium
516 1256 805 1304 comparatione
836 1255 876 1291 in
912 1256 1104 1291 tramitem
1135 1269 1222 1291 eum
1241 1255 1427 1291 deductus
1448 1253 1553 1301 sum,
1586 1269 1662 1304 quo

203 1325 383 1362 lectionis
410 1324 559 1361 Tibulli
587 1333 824 1374 propagatae
853 1324 1011 1374 vestigia
1041 1334 1143 1362 certa
1164 1324 1506 1375 deprehenderem.
1565 1325 1664 1364 Nam

203 1394 245 1430 in
279 1393 477 1444 superiore
511 1391 729 1431 recenslonc
761 1395 1025 1431 intellexeram
1062 1395 1264 1445 equidem,
1306 1395 1461 1431 differre
1489 1396 1590 1432 inter
1623 1394 1662 1446 se

203 1464 420 1514 plurimum
462 1463 653 1499 editiones
696 1463 974 1510 Colinaeanas,
1017 1464 1291 1515 Gryphianas,
1333 1462 1586 1510 Bafileenses,
1624 1473 1664 1503 et

205 1533 399 1581 reliquas,
441 1545 512 1568 nee
539 1539 667 1568 tamen
696 1540 837 1568 certam
870 1534 1080 1580 rationem,
1123 1534 1173 1570 ad
1203 1548 1318 1584 quam
1346 1548 1476 1571 earum
1513 1535 1662 1572 discre-

203 1603 378 1653 pantiam
413 1602 617 1647 referrem,
658 1603 828 1652 reperire
866 1611 1054 1654 poteram.
1134 1602 1392 1640 Broukhusius
1427 1605 1552 1650 enim,
1594 1606 1661 1654 qui

208 1686 387 1721 magnam
417 1671 559 1708 molem
589 1672 719 1708 variae
747 1670 924 1710 lectionis
942 1672 1101 1719 habuit,
1134 1673 1181 1710 de
1204 1673 1442 1710 editionibus
1467 1682 1505 1712 et
1529 1688 1662 1714 earum

210 1742 435 1778 auctoritate
456 1754 594 1791 parum
613 1741 869 1781 laboraverat.
930 1744 1041 1781 Nune
1073 1744 1190 1793 igitur
1223 1742 1418 1789 intellexi,
1459 1745 1662 1784 Aldinam

199 1813 385 1860 primam
417 1826 450 1847 a.
491 1813 612 1850 1502.
651 1812 820 1850 Venetas
858 1815 973 1851 modo
1006 1813 1128 1849 dictas
1159 1809 1395 1863 expreffiffe,
1433 1826 1505 1849 nec
1533 1821 1661 1854 tamen

209 1894 349 1927 unam,
392 1879 458 1917 sed
488 1890 659 1919 correcto
694 1881 789 1920 hinc
821 1884 911 1920 inde
945 1891 1145 1929 contextu,
1183 1882 1326 1932 partim
1358 1895 1404 1919 ex
1428 1886 1667 1935 comparatis²

205 1950 307 1986 inter
344 1949 380 1987 se
413 1951 595 2001 pluribus
627 1951 743 1989 huius
779 1954 927 2003 generis
957 1954 1217 1999 editionibus,
1258 1952 1401 2002 partim
1440 1952 1518 1989 viri
1556 1954 1659 1991 docti

206 2020 376 2069 iudicio,
420 2035 509 2057 nam
545 2022 665 2059 codex
694 2020 859 2074 scriptus
891 2023 1089 2060 adhibitus
1118 2035 1197 2060 non
1231 2020 1306 2058 effe
1324 2021 1491 2058 videtur.
1549 2021 1662 2060 Inse-

209 2098 327 2140 quuta
357 2089 410 2126 est
441 2105 474 2127 a.
502 2092 621 2130 1515.
650 2094 784 2131 altera
809 2094 992 2140 Aldina,
1033 2108 1054 2130 a
1085 2091 1294 2130 doctiffimo
1323 2091 1410 2128 viro
1438 2100 1569 2129 curata
1580 2120 1593 2140 ,
1623 2100 1662 2131 et

207 2172 348 2209 magno
375 2160 605 2198 eruditionis
636 2173 825 2213 apparatu
854 2172 1046 2210 correcta,
1088 2161 1118 2200 fi
1144 2177 1224 2200 non
1245 2162 1358 2199 libris
1378 2159 1531 2212 scriptis
1551 2175 1661 2199 com·-

203 2229 376 2279 paratis,
409 2228 473 2266 etfi
496 2239 532 2267 et
555 2230 629 2268 hoe
660 2231 733 2270 effe
767 2236 908 2270 factum
929 2234 1136 2285 probabile
1156 2233 1219 2279 fit,
1251 2230 1336 2270 erifi
1363 2240 1490 2269 tamen
1513 2229 1661 2278 subtili,

205 2307 264 2344 et,
295 2297 322 2334 fi
346 2313 467 2349 pauca
492 2302 682 2352 excipias,
723 2303 839 2340 felici.
919 2306 966 2341 In
998 2303 1072 2340 hac
1103 2303 1272 2340 editione
1301 2300 1443 2339 sublati
1474 2298 1562 2338 sunt
1595 2307 1662 2339 aut

206 2367 396 2406 asteriscis
441 2372 562 2407 notati
597 2372 774 2422 plerique
809 2388 855 2410 ex
892 2371 1063 2411 versibus
1103 2371 1374 2425 supposititiis,
1425 2379 1465 2409 et
1499 2371 1660 2408 omnino

206 2437 349 2475 iactum
379 2437 432 2475 est
452 2441 706 2478 emendatiori
727 2444 877 2480 Tibulli
910 2442 1069 2481 lectioni
1091 2443 1384 2481 fundamentum
1402 2439 1656 2492 praeclarum.

204 2504 444 2545 Alterutram
489 2524 535 2548 ex
565 2511 626 2548 his
664 2512 820 2550 Aldinis
870 2511 1051 2564 sequutae
1095 2512 1184 2551 sunt
1222 2514 1411 2550 editiones
1457 2507 1658 2560 sequentes

206 2589 361 2623 omnes,
402 2577 489 2626 sed,
533 2583 637 2632 quod
671 2583 814 2625 mirum
844 2583 920 2630 est,
963 2585 1115 2622 delectu
1142 2599 1222 2621 non
1251 2582 1399 2633 semper
1436 2593 1522 2616 cum
1551 2579 1658 2616 bono

204 2645 351 2685 iudicio
381 2649 503 2689 sacto:
539 2666 629 2692 nam
648 2654 845 2705 priorem,
875 2655 996 2694 altera
1016 2655 1123 2694 haud
1143 2655 1259 2692 dubie
1279 2653 1393 2703 longe
1416 2649 1656 2694 inferiorem,

1546 2727 1660 2756 unice
