1752 2974
498 139 608 178 LIB.
647 138 733 175 III.

803 135 977 174 ELEG.
1019 135 1097 177 IV.

1438 147 1517 191 207

158 259 430 324 Quantum
459 271 555 302 nec
588 250 784 316 cupido
811 250 948 298 bella
973 250 1150 316 puella
1188 249 1324 307 viro,

80 346 182 392 Pro
212 359 315 406 qua
353 341 593 392 sollicitas
625 336 856 386 caelestia
892 338 1111 386 numina
1140 338 1294 394 votis,

159 434 302 498 Quae
334 428 431 475 tibi
462 425 669 474 securos
704 443 814 475 non
846 425 967 473 sinit
1001 426 1079 472 ire
1114 423 1240 482 dies,

78 520 169 575 Et,
208 532 374 580 quum
407 524 457 560 te
491 511 638 562 fusco
673 517 898 563 Somnus
929 513 1125 561 velavit
1156 512 1367 570 amictu,

1446 523 1514 570 55

155 606 362 650 Vanum
393 602 668 650 nocturnis
702 600 838 648 fallit
866 599 1201 664 imaginibus,

78 689 413 740 Carminibus
442 689 694 736 celebrata
723 690 828 736 tuis
866 685 1096 735 formosa
1125 687 1329 735 Neaera

147 776 376 825 Alterius
408 778 610 825 mavult
643 773 741 824 effe
769 775 948 840 puella
976 774 1109 832 viri;

75 861 424 928 Diversasque
457 862 570 912 suas
608 864 763 928 agitat
797 877 942 910 mens
977 862 1140 927 impia
1174 877 1337 918 curas,

153 952 269 999 Nec
303 951 495 1015 gaudet
529 950 658 999 casta
690 960 856 1017 nupta
878 951 1081 999 Neaera
1115 951 1292 1000 domo,

1447 954 1518 999 60

77 1037 161 1086 Ah
194 1038 405 1086 crudele
425 1056 621 1104 genus,
659 1055 755 1086 nec
786 1037 963 1086 fidum
986 1037 1184 1087 femina
1217 1035 1442 1087 nomen!

153 1125 238 1174 Ah
274 1136 477 1192 pereat,
538 1125 724 1178 didicit
757 1124 937 1173 fallere
967 1124 1010 1173 si
1045 1143 1150 1190 qua
1183 1124 1388 1175 virum!

75 1388 112 1425 se
161 1388 306 1426 deserto
348 1389 417 1425 alii
454 1388 558 1427 velle,
607 1390 767 1428 nubere.

76 1444 233 1481 Scilicet
273 1447 312 1481 id
365 1447 527 1496 dignum
575 1447 647 1483 deo
689 1459 769 1484 erat

75 1500 206 1536 futura
234 1503 487 1551 providente!

133 1564 199 1600 55,
247 1573 354 1608 quum
394 1567 429 1592 te
462 1558 569 1609 fusco
610 1561 768 1596 Somnus

73 1613 214 1648 velavit:
251 1613 416 1661 amictu)
453 1628 490 1651 v.
523 1616 627 1652 Obss'.
669 1617 767 1651 inie-

76 1678 139 1703 cto
160 1669 225 1705 suo
258 1670 345 1706 velo
378 1671 439 1706 feu
467 1671 583 1720 peplo
616 1671 767 1707 obtexit

78 1734 115 1758 et
156 1725 349 1773 obnupsst.
436 1728 597 1775 Peplum
638 1738 765 1763 autem

75 1780 215 1816 Noctis
241 1782 523 1829 frequentatum
549 1784 595 1819 est
615 1784 765 1832 poetis;

75 1846 122 1871 ut
152 1837 194 1871 in
223 1837 295 1872 illo
316 1839 518 1887 Euripidis
549 1841 627 1888 sup.
652 1840 697 1874 ad
719 1841 766 1880 ΙΙ,

78 1900 124 1931 2,
165 1899 229 1936 37.
268 1892 446 1931 laudato:
496 1891 768 1940 ῙᾺὶελάμπεπλος

76 1947 168 1987 Νὺξ.

135 2002 199 2046 56.
243 2003 386 2040 Vanum
419 2020 456 2040 n.
480 2005 591 2054 fallit
622 2007 675 2050 ἱ.)
714 2006 768 2040 ita

76 2069 121 2094 ut
148 2059 224 2106 ipse
257 2074 379 2096 vanus
410 2062 479 2102 [is;
523 2061 563 2096 h.
598 2060 767 2100 illusum,

79 2115 302 2162 deceptum,
360 2117 575 2164 fingentem
622 2117 765 2156 inania.

76 2169 245 2218 Vulpius
265 2172 330 2207 hic
348 2172 535 2210 haerebat.

136 2233 202 2268 57.
235 2229 459 2263 Carminibus
478 2230 657 2264 celebrata
680 2232 766 2274 cuis)

78 2281 272 2318 Videntur
300 2285 393 2319 adeo
426 2285 536 2332 plura
558 2300 576 2320 a
604 2286 765 2322 Tibullo

74 2337 119 2372 ,in
141 2339 328 2373 Neaeram
356 2341 490 2388 scripta
520 2342 766 2378 intercidisse.

135 2400 200 2437 58.
233 2394 393 2430 Alterius
426 2418 474 2423 —-—
505 2399 599 2443 viri)
673 2397 768 2433 Ora-

79 2450 135 2484 tio
168 2450 247 2485 fere
280 2452 407 2486 eadem
430 2454 531 2501 apud
554 2454 672 2489 ovid.
697 2456 767 2489 Re-

78 2506 178 2541 med.
213 2508 255 2541 A.
289 2517 403 2551 772.:

162 2561 250 2611 Effe
282 2565 379 2612 quod
417 2566 568 2600 alterius
597 2574 768 2612 coeperat:

356 2621 421 2656 illa
447 2624 524 2657 viri.
559 2622 623 2656 W.

137 2674 199 2710 60.
231 2673 330 2724 casta
354 2696 405 2704 ·—-
431 2677 557 2724 domo)
587 2677 767 2716 Sollenne

1420 1211 1523 1262 Sed

833 1391 880 1426 de
897 1391 1036 1440 poetis,
1066 1402 1103 1426 v.
1120 1390 1198 1438 sup.
1217 1402 1256 1426 v.
1276 1395 1342 1445 45.
1361 1399 1524 1439 proptet

833 1448 1024 1484 innocuos
1044 1459 1184 1485 mores,
1218 1457 1255 1480 et
1275 1446 1381 1493 quod
1405 1445 1524 1481 alieni

834 1504 918 1538 sunt
939 1517 956 1537 a
980 1502 1137 1542 scelere,
1170 1501 1281 1536 caede
1304 1511 1340 1537 et
1360 1502 1525 1550 rapinis,

834 1560 1056 1606 vitamque,
1104 1558 1207 1592 secus
1243 1570 1285 1592 ac
1321 1557 1407 1599 illi,
1455 1557 1526 1605 qui

835 1614 992 1650 divitias
1024 1625 1062 1650 et
1098 1613 1267 1648 honores
1307 1624 1463 1661 parant,
1504 1627 1525 1649 a

832 1669 967 1705 scelere
979 1683 1115 1718 puram
1130 1680 1165 1704 et
1181 1670 1372 1717 integram
1389 1680 1520 1717 agunt.

834 1728 963 1774 Nupta
991 1727 1126 1764 domo,
1165 1738 1236 1773 pro
1266 1728 1308 1760 in
1337 1726 1521 1766 domuum

835 1794 871 1817 et
894 1783 942 1817 est
964 1795 1097 1830 graeca
1122 1782 1243 1816 ratio:
1286 1795 1361 1816 non
1382 1782 1523 1829 gaudet:

835 1848 968 1887 nupta,
1001 1839 1035 1873 se
1055 1849 1215 1886 nuptam
1239 1838 1330 1877 effe,
1361 1837 1522 1874 nubere.

835 1896 885 1930 H.
945 1893 1220 1941 Piestituisuas.
1273 1890 1380 1941 Casta
1400 1892 1523 1933 domo,

834 1961 876 1985 ut
898 1950 1014 1986 Silius
1036 1952 1066 1992 I,
1088 1949 1179 1997 609.
1202 1950 1318 1984 dicit:

1189 2003 1369 2054 Castaque
1398 2005 1524 2041 beatos

920 2064 1143 2109 Paupertate
1168 2071 1304 2109 patres.

834 2120 936 2158 Caet.
958 2119 1040 2154 vid.
1064 2119 1184 2154 Hand.
1206 2131 1243 2165 p.
1270 2117 1335 2161 65.
1365 2120 1432 2154 W.

890 2174 955 2211 61.
986 2189 1048 2210 nec
1060 2173 1187 2221 fidum
1199 2173 1347 2221 femina
1370 2174 1522 2222 nomen)

833 2232 872 2266 h.
893 2231 1064 2280 perfidae
1084 2231 1250 2265 feminae
1282 2231 1519 2278 simpliciter.

834 2290 952 2336 Saepe
990 2289 1141 2322 nomina
1171 2299 1243 2334 pro
1279 2287 1522 2322 hominibus.

836 2345 883 2379 cf.
914 2345 953 2378 h.
984 2342 1008 2378 l.
1039 2341 1219 2391 Scaliger.
1251 2353 1288 2378 et
1316 2342 1441 2378 Bentl.
1474 2344 1522 2378 ad

834 2402 970 2436 Horat.
1010 2400 1087 2439 111,
1121 2408 1186 2442 27,
1227 2405 1292 2442 34.
1360 2400 1462 2434 Mox
1484 2397 1524 2447 si

835 2470 905 2505 qua
925 2456 967 2490 in
987 2455 1114 2503 poetis
1140 2455 1187 2489 est
1211 2467 1309 2502 pro„
1332 2468 1523 2502 quaecuu-

834 2525 921 2560 que.
951 2513 1001 2547 H.
1061 2511 1202 2558 Virgil.
1226 2512 1316 2546 Aen.
1340 2512 1406 2550 IV,
1431 2509 1525 2557 569.

836 2567 1076 2605 Mercurius:
1112 2567 1263 2601 Varium
1287 2576 1322 2601 ec
1349 2566 1525 2601 mutabile

827 2623 972 2672 semper·
1001 2620 1171 2661 Feminiz,
1213 2623 1257 2656 ad
1287 2623 1523 2658 Graecorum

834 2681 955 2728 magis
977 2679 1153 2716 formam,
1178 2680 1242 2715 W.
