1752 2974
492 103 621 152 ΜΒ.
655 103 694 142 1.

754 103 954 142 ELEG.
986 102 1036 144 V.
1441 95 1494 141 65

53 226 171 272 Huc
210 222 390 271 veniet
422 217 633 270 Mess'ala
661 235 836 267 meus:
881 219 968 267 cui
993 217 1169 266 dulcia
1187 234 1346 285 poma

133 310 283 358 Delia
313 309 511 357 selectis
543 306 780 353 detrahat
819 306 1113 363 arboribus,

51 400 144 454 Et,
182 407 386 444 tantum
410 404 651 443 venerata
675 395 855 449 virum
873 431 886 451 ‚
925 394 1070 443 hunc
1092 392 1270 443 [edula
1298 402 1459 451 curet,

129 485 268 532 Huic
289 492 434 547 paret
455 492 610 545 atque
636 481 817 546 epulas
833 480 939 545 ipsa
953 479 1189 529 ministra
1203 491 1356 546 gerat.
1399 482 1452 542 (3
1463 491 1492 538 5

19 620 21 624 y
51 573 191 619 Haec
202 570 336 617 mihi
348 567 759 633 fingeba111‚quae
773 585 915 616 nunc
928 570 1497 633 EurusqueNotusque

128 660 285 704 Iactat
313 655 560 705 odoratos
594 666 716 704 vota
741 672 835 720 per
857 656 1151 704 Armenios.

51 747 212 811 Saepe
243 761 339 809 ego
373 744 575 792 tentavi
607 760 753 793 curas
777 742 1039 809 depellere
1063 744 1219 802 vin03

168 966 211 1001 In
251 974 331 1001 tota
372 966 465 1000 iuvit
503 978 608 1014 quem
648 966 741 1001 nihil

284 1020 353 1070 effe
385 1021 506 1056 domo.
538 1023 587 1055 H.

54 1077 192 1114 Oratio
240 1077 396 1127 propria
440 1086 475 1111 et
512 1078 655 1113 variata
697 1078 739 1114 in

53 1135 182 1170 verbis
232 1142 408 1168 cunctos·
428 1134 551 1167 omnia
601 1134 739 1182 placet.

53 1190 406 1225 Coniunctivorum
478 1198 585 1235 regat
612 1210 625 1216 -
647 1189 738 1240 fint,

53 1258 151 1294 quos
182 1245 323 1280 futuris
354 1244 515 1279 subiecit
546 1246 738 1286 Tibullus,

5 1312 13 1323 ’ν
53 1302 245 1337 rationem
295 1302 500 1348 expositam
557 1302 648 1338 vide
697 1303 739 1337 in

55 1356 160 1393 Obss'.
191 1359 255 1393 VV.

112 1423 175 1456 55.
207 1415 398 1458 venerata)
424 1414 461 1448 h.
483 1413 507 1447 l.
530 1414 575 1449 de
600 1414 740 1456 officio,

54 1483 133 1519 quo
166 1469 330 1505 colimus
363 1471 551 1517 hospitem
586 1481 621 1506 et
649 1471 742 1504 ami-

55 1539 168 1566 cum,
196 1538 283 1560 cum
316 1525 588 1573 fignificatione
620 1525 745 1561 hono·

54 1582 120 1617 ris.
160 1582 220 1615 Sic
240 1582 337 1629 apud
359 1581 500 1616 Silium
517 1583 627 1621 XIII,
652 1588 744 1627 704.

117 1636 421 1685 Prosequiturque
440 1637 552 1671 oculis
571 1652 660 1684 puer
681 1639 745 1672 ad-

223 1703 416 1728 veneratus
441 1701 576 1728 euntes.

54 1753 106 1788 H.
164 1758 337 1785 venerata
370 1762 441 1798 pro
465 1762 672 1791 venerans,
701 1761 745 1785 ut

55 1810 119 1848 11,
153 1812 198 1849 4,
227 1813 292 1851 47-

53 1862 149 1913 perf.
180 1862 472 1909 Deponentium
509 1872 546 1896 et
575 1871 745 1909 operatus

55 1918 157 1968 apud
176 1917 286 1965 Virg.
306 1920 446 1965 Georg.
467 1919 505 1959 I,
530 1927 621 1965 359.
654 1918 741 1954 Tib.

55 1978 118 2016 ΙΙ,
155 1981 204 2017 5,
244 1982 307 2019 95.
366 1974 446 2009 vid.
486 1976 659 2009 Gronov.
697 1974 743 2008 ad

56 2032 144 2066 Tac.
185 2031 282 2065 Ann.
314 2032 396 2069 ΙΙΙ,
423 2036 488 2077 43.
554 2031 616 2065 De
646 2030 742 2065 diffi-

56 2086 265 2122 cultatibus
308 2085 426 2121 huius
469 2086 598 2122 versus
640 2086 740 2121 conf.

57 2142 162 2178 Obff.
225 2143 269 2175 In
290 2141 488 2190 prioribus
515 2143 742 2176 Huc-detra·

57 2197 124 2233 hut
178 2197 369 2246 poeticam
418 2198 742 2233 constructionem

58 2254 232 2301 agnoscas
251 2266 323 2301 pro
346 2253 516 2301 vulgari:
550 2255 599 2288 Et
621 2267 743 2301 quum

57 2309 265 2355 aliqnando
316 2309 467 2344 Messala
515 2323 623 2344 meus
665 2309 742 2344 huc

55 2366 228 2405 venerit,
287 2365 546 2400 ‹zi-detrahat.
619 2367 742 2400 Suave

54 2433 150 2457 vero
179 2420 297 2461 illud,
330 2421 434 2469 quod
464 2431 613 2469 praeter
642 2421 742 2456 dele·

57 2488 178 2524 gatam
219 2478 356 2513 domus
394 2487 432 2511 et
470 2478 668 2525 penatium
706 2488 744 2513 et

57 2545 239 2580 agrorum
297 2545 426 2568 curam
488 2543 525 2567 et
575 2533 741 2568 sedulam

56 2588 233 2624 Messalae
279 2590 468 2638 hospitam
511 2588 580 2624 fibi
624 2589 742 2637 fingit

55 2642 221 2682 Deliam.
252 2648 315 2683 W.

355 1809 411 1840 lta
443 1816 479 1840 et
515 1804 587 1839 alia
607 1807 741 1854 partic.

1429 833 1499 881 At

867 966 930 1009 56.
964 966 1082 1001 Iactat
1113 964 1289 1001 odoratos
1317 974 1407 1001 vota·
1433 980 1498 1013 per·

808 1023 1028 1066 Armenios)
1081 1023 1179 1057 Cum
1229 1033 1321 1057 vota
1367 1023 1497 1058 inania

808 1077 923 1124 longe
973 1091 990 1112 a
1030 1078 1158 1113 ventis
1194 1078 1337 1113 auferri
1371 1078 1499 1114 dicere

807 1132 947 1173 vellet,
977 1133 1172 1169 Armenios
1193 1146 1264 1180 pro
1284 1133 1499 1182 longinqua

806 1189 966 1237 regione
1016 1189 1127 1225 dixit.
1173 1189 1351 1224 odoratos
1388 1202 1498 1233 vero,

807 1257 967 1294 propter
1011 1245 1167 1281 frutices
1200 1245 1295 1280 bene
1336 1245 1498 1288 olentes,

807 1302 877 1350 qui
904 1303 1004 1350 apud
1029 1316 1092 1337 eos
1116 1303 1341 1344 nascuntur,
1373 1302 1499 1350 inpri-

810 1359 884 1394 mis
904 1372 1111 1395 amomum.
1144 1363 1183 1395 ’νὴ
1208 1357 1326 1406 Vulp.
1388 1359 1501 1394 Certo

812 1414 911 1451 Plin.
930 1417 1019 1455 XII,
1041 1416 1064 1451 f.
1088 1422 1149 1458 28.
1184 1415 1228 1450 de
1249 1424 1425 1451 amomo:
1443 1433 1502 1442 -—

813 1470 987 1518 ,Nascitur
1018 1481 1054 1506 et
1084 1473 1121 1505 in
1154 1471 1350 1505 Armeniae
1377 1481 1497 1518 parte,

812 1540 903 1574 quae
930 1536 1080 1563 vocatur
1111 1527 1238 1562 Otene.
1306 1527 1499 1563 Dubitan-

812 1584 905 1617 dum
935 1594 1061 1618 tamen
1094 1582 1163 1622 est,
1203 1596 1249 1616 an
1278 1590 1392 1630 poe-‘ta
1423 1583 1500 1619 hoc

810 1649 886 1674 tam
927 1649 1100 1673 accurate
1131 1638 1310 1673 tenuerit.
1371 1641 1499 1676 Immo

810 1707 904 1730 vero
923 1694 1123 1730 Armenios
1135 1694 1364 1734 nominavit,
1377 1709 1501 1743 quum

811 1750 1035 1798 simpliciter
1080 1750 1280 1798 regionem
1324 1750 1500 1788 Orientis

813 1806 1002 1841 declarare
1034 1805 1174 1847 vellet,
1217 1808 1385 1853 appolito
1420 1810 1500 1856 epi-

812 1861 920 1898 theto
951 1877 970 1898 a
991 1863 1098 1909 Syris
1132 1873 1168 1897 et
1186 1862 1378 1898 Arabibus
1400 1865 1500 1912 peti-

812 1928 876 1959 to,
910 1919 1014 1967 quod
1046 1919 1091 1953 ad
1118 1915 1273 1953 vicinos
1293 1921 1501 1957 Armenios

813 1975 995 2011 traduxit.
1029 1976 1077 2010 H.
1135 1973 1327 2023 Eurusque
1362 1977 1501 2012 Notus-

812 2044 878 2078 que
897 2044 968 2080 pro
987 2032 1112 2067 ventis
1132 2030 1390 2079 rapidiffimis,
1410 2046 1501 2081 pro-

810 2087 995 2124 verbialis
1025 2087 1197 2127 locutio,
1231 2086 1276 2121 de
1306 2100 1379 2134 qua
1408 2089 1501 2125 vide

814 2143 945 2184 Obss'.¹
979 2155 1016 2178 et
1047 2144 1092 2177 de
1123 2143 1292 2190 imagine
1322 2143 1384 2178 his
1412 2150 1500 2179 'ver-

811 2199 872 2236 bis
914 2199 1081 2247 expreffa
1116 2200 1209 2234 Not.
1251 2199 1298 2235 ad
1341 2202 1422 2240 ΙΙΙ,
1461 2200 1499 2241 6,

814 2266 879 2299 27.
915 2276 967 2283 -
1015 2256 1136 2294 Versu.
1184 2255 1257 2302 seq.
1308 2269 1410 2291 curas
1452 2256 1500 2290 ad

812 2312 1023 2347 amantium
1045 2324 1152 2347 curas
1172 2311 1292 2352 refer,
1325 2323 1369 2346 ut
1389 2314 1439 2352 ΙΙ,
1461 2311 1500 2348 6.

814 2376 878 2411 51.
923 2370 1003 2409 111,
1037 2367 1084 2407 6,
1117 2377 1154 2411 7.
1194 2376 1231 2401 et
1262 2369 1396 2403 Horat.
1426 2369 1498 2416 Ep.

811 2424 873 2464 II,
901 2433 946 2467 5,
971 2430 1035 2468 85.
1068 2425 1234 2458 iuvenum
1259 2436 1371 2459 curas.
1403 2424 1470 2459 W.

868 2488 933 2523 57.
973 2479 1157 2527 Sequitur
1195 2479 1330 2514 diversi
1362 2479 1500 2513 carmi-

810 2536 871 2571 nis
882 2536 1152 2583 fragmentum.
1178 2536 1359 2569 Amatore
1374 2535 1499 2570 divite

810 2605 831 2626 a
863 2591 948 2626 lena
981 2591 1167 2630 adducto,
1217 2602 1324 2625 mens
1356 2591 1499 2626 amicae

811 2646 972 2697 alienata
994 2656 1074 2683 erat
1094 2660 1114 2683 a
1136 2644 1310 2686 Tibullo.
1372 2646 1496 2682 Nullo

1299 2702 1496 2739 aestuantis
