<?xml version="1.0" encoding="UTF-8"?>
<!DOCTYPE html PUBLIC "-//W3C//DTD XHTML 1.0 Transitional//EN"
    "http://www.w3.org/TR/xhtml1/DTD/xhtml1-transitional.dtd">
<html xmlns="http://www.w3.org/1999/xhtml" xml:lang="en" lang="en">
 <head>
  <title>
</title>
<meta http-equiv="Content-Type" content="text/html;charset=utf-8" />
  <meta name='ocr-system' content='tesseract 3.04.00' />
  <meta name='ocr-capabilities' content='ocr_page ocr_carea ocr_par ocr_line ocrx_word'/>
</head>
<body>
  <div class='ocr_page' id='page_1' title='image "albiitibullicarm01tibuuoft_0067.png"; bbox 0 0 1752 2974; ppageno 0'>
   <div class='ocr_carea' id='block_1_1' title="bbox 521 115 1566 160">
    <p class='ocr_par' dir='ltr' id='par_1_1' title="bbox 521 115 1566 160">
     <span class='ocr_line' id='line_1_1' title="bbox 521 115 1566 160; baseline 0.005 -5"><span class='ocrx_word' id='word_1_1' title='bbox 521 115 730 155; x_wconf 83' lang='lat' dir='ltr'><strong>VITA</strong></span> <span class='ocrx_word' id='word_1_2' title='bbox 788 116 1174 156; x_wconf 83' lang='lat' dir='ltr'>TIBVLLI.</span> <span class='ocrx_word' id='word_1_3' title='bbox 1476 127 1566 160; x_wconf 82' lang='lat' dir='ltr'>le</span> 
     </span>
    </p>
   </div>
   <div class='ocr_carea' id='block_1_2' title="bbox 96 225 1623 1806">
    <p class='ocr_par' dir='ltr' id='par_1_2' title="bbox 96 225 1623 1806">
     <span class='ocr_line' id='line_1_2' title="bbox 96 225 1568 281; baseline 0.001 -15"><span class='ocrx_word' id='word_1_4' title='bbox 96 260 101 270; x_wconf 33' lang='grc' dir='ltr'><strong>Δ</strong></span> <span class='ocrx_word' id='word_1_5' title='bbox 130 227 182 267; x_wconf 84' lang='lat' dir='ltr'>At</span> <span class='ocrx_word' id='word_1_6' title='bbox 201 226 387 279; x_wconf 86' lang='lat' dir='ltr'>Iosephus</span> <span class='ocrx_word' id='word_1_7' title='bbox 416 228 608 278; x_wconf 80' lang='lat' dir='ltr'>Scaliger,</span> <span class='ocrx_word' id='word_1_8' title='bbox 646 242 719 278; x_wconf 80' lang='lat' dir='ltr'>qua</span> <span class='ocrx_word' id='word_1_9' title='bbox 748 237 828 265; x_wconf 83' lang='lat' dir='ltr'>erat</span> <span class='ocrx_word' id='word_1_10' title='bbox 859 227 1081 279; x_wconf 86' lang='lat' dir='ltr'>sagacitate,</span> <span class='ocrx_word' id='word_1_11' title='bbox 1110 229 1281 281; x_wconf 83' lang='lat' dir='ltr'>primum</span> <span class='ocrx_word' id='word_1_12' title='bbox 1314 225 1568 267; x_wconf 83' lang='lat' dir='ltr'><strong>subodoratus</strong></span> 
     </span>
     <span class='ocr_line' id='line_1_3' title="bbox 129 296 1569 349; baseline -0.001 -14"><span class='ocrx_word' id='word_1_13' title='bbox 129 296 207 343; x_wconf 85' lang='lat' dir='ltr'>est,</span> <span class='ocrx_word' id='word_1_14' title='bbox 237 298 341 335; x_wconf 86' lang='lat' dir='ltr'>hunc</span> <span class='ocrx_word' id='word_1_15' title='bbox 364 297 588 335; x_wconf 81' lang='lat' dir='ltr'>versiculum</span> <span class='ocrx_word' id='word_1_16' title='bbox 618 312 663 334; x_wconf 83' lang='lat' dir='ltr'>ex</span> <span class='ocrx_word' id='word_1_17' title='bbox 692 298 840 334; x_wconf 85' lang='lat' dir='ltr'>Tibulli</span> <span class='ocrx_word' id='word_1_18' title='bbox 871 299 1128 345; x_wconf 81' lang='lat' dir='ltr'>carminibuS,</span> <span class='ocrx_word' id='word_1_19' title='bbox 1168 307 1350 349; x_wconf 85' lang='lat' dir='ltr'><strong>tanquam</strong></span> <span class='ocrx_word' id='word_1_20' title='bbox 1381 297 1569 348; x_wconf 82' lang='lat' dir='ltr'>spurium,</span> 
     </span>
     <span class='ocr_line' id='line_1_4' title="bbox 131 366 1570 418; baseline 0.001 -15"><span class='ocrx_word' id='word_1_21' title='bbox 131 368 298 417; x_wconf 73' lang='lat' dir='ltr'>expungi</span> <span class='ocrx_word' id='word_1_22' title='bbox 323 376 521 417; x_wconf 72' lang='lat' dir='ltr'>oportere3</span> <span class='ocrx_word' id='word_1_23' title='bbox 553 366 655 415; x_wconf 91' lang='lat' dir='ltr'>quod</span> <span class='ocrx_word' id='word_1_24' title='bbox 676 367 717 402; x_wconf 87' lang='lat' dir='ltr'>ni</span> <span class='ocrx_word' id='word_1_25' title='bbox 740 366 824 412; x_wconf 82' lang='lat' dir='ltr'>fiat,</span> <span class='ocrx_word' id='word_1_26' title='bbox 862 382 1038 418; x_wconf 70' lang='lat' dir='ltr'>magnam</span> <span class='ocrx_word' id='word_1_27' title='bbox 1065 376 1280 418; x_wconf 85' lang='lat' dir='ltr'>temporum</span> <span class='ocrx_word' id='word_1_28' title='bbox 1311 366 1570 405; x_wconf 80' lang='lat' dir='ltr'>confusionem</span> 
     </span>
     <span class='ocr_line' id='line_1_5' title="bbox 132 434 1571 487; baseline 0 -15"><span class='ocrx_word' id='word_1_29' title='bbox 132 438 241 473; x_wconf 83' lang='lat' dir='ltr'>oriii.</span> <span class='ocrx_word' id='word_1_30' title='bbox 303 437 502 473; x_wconf 80' lang='lat' dir='ltr'>Calculum</span> <span class='ocrx_word' id='word_1_31' title='bbox 533 436 672 472; x_wconf 85' lang='lat' dir='ltr'>adiecit</span> <span class='ocrx_word' id='word_1_32' title='bbox 700 438 815 472; x_wconf 77' lang='lat' dir='ltr'>Ianus</span> <span class='ocrx_word' id='word_1_33' title='bbox 846 439 1000 483; x_wconf 83' lang='lat' dir='ltr'>Douza,</span> <span class='ocrx_word' id='word_1_34' title='bbox 1038 439 1103 487; x_wconf 92' lang='lat' dir='ltr'>qui</span> <span class='ocrx_word' id='word_1_35' title='bbox 1132 434 1415 475; x_wconf 78' lang='lat' dir='ltr'>schediasmate</span> <span class='ocrx_word' id='word_1_36' title='bbox 1444 434 1571 472; x_wconf 87' lang='lat' dir='ltr'>succi-</span> 
     </span>
     <span class='ocr_line' id='line_1_6' title="bbox 132 505 1570 556; baseline 0.001 -15"><span class='ocrx_word' id='word_1_37' title='bbox 132 506 257 542; x_wconf 85' lang='lat' dir='ltr'>daneo</span> <span class='ocrx_word' id='word_1_38' title='bbox 284 506 331 541; x_wconf 89' lang='lat' dir='ltr'>ad</span> <span class='ocrx_word' id='word_1_39' title='bbox 361 505 584 550; x_wconf 80' lang='lat' dir='ltr'><strong>Tibullum,</strong></span> <span class='ocrx_word' id='word_1_40' title='bbox 615 506 660 556; x_wconf 87' lang='lat' dir='ltr'>d)</span> <span class='ocrx_word' id='word_1_41' title='bbox 700 505 900 542; x_wconf 83' lang='lat' dir='ltr'>manifesto</span> <span class='ocrx_word' id='word_1_42' title='bbox 933 508 1138 543; x_wconf 75' lang='lat' dir='ltr'>admodum</span> <span class='ocrx_word' id='word_1_43' title='bbox 1165 505 1353 552; x_wconf 84' lang='lat' dir='ltr'>ostendit,</span> <span class='ocrx_word' id='word_1_44' title='bbox 1403 506 1450 542; x_wconf 87' lang='lat' dir='ltr'>de</span> <span class='ocrx_word' id='word_1_45' title='bbox 1481 520 1570 544; x_wconf 82' lang='lat' dir='ltr'>arca</span> 
     </span>
     <span class='ocr_line' id='line_1_7' title="bbox 131 571 1575 623; baseline 0.001 -12"><span class='ocrx_word' id='word_1_46' title='bbox 131 572 392 611; x_wconf 85' lang='lat' dir='ltr'>Sulmonenfis</span> <span class='ocrx_word' id='word_1_47' title='bbox 418 573 568 623; x_wconf 88' lang='lat' dir='ltr'>Equitis</span> <span class='ocrx_word' id='word_1_48' title='bbox 599 587 617 609; x_wconf 88' lang='lat' dir='ltr'>a</span> <span class='ocrx_word' id='word_1_49' title='bbox 649 575 814 623; x_wconf 84' lang='lat' dir='ltr'>quodam</span> <span class='ocrx_word' id='word_1_50' title='bbox 838 576 876 611; x_wconf 85' lang='lat' dir='ltr'>in</span> <span class='ocrx_word' id='word_1_51' title='bbox 898 590 937 612; x_wconf 87' lang='lat' dir='ltr'>rc</span> <span class='ocrx_word' id='word_1_52' title='bbox 959 576 1082 613; x_wconf 85' lang='lat' dir='ltr'>aliena</span> <span class='ocrx_word' id='word_1_53' title='bbox 1102 577 1218 612; x_wconf 85' lang='lat' dir='ltr'>nimis</span> <span class='ocrx_word' id='word_1_54' title='bbox 1238 571 1404 612; x_wconf 86' lang='lat' dir='ltr'>officioso</span> <span class='ocrx_word' id='word_1_55' title='bbox 1424 575 1575 612; x_wconf 75' lang='lat' dir='ltr'>Tibulli</span> 
     </span>
     <span class='ocr_line' id='line_1_8' title="bbox 129 641 1573 692; baseline 0.001 -11"><span class='ocrx_word' id='word_1_56' title='bbox 129 641 410 692; x_wconf 82' lang='lat' dir='ltr'>supellectilem</span> <span class='ocrx_word' id='word_1_57' title='bbox 444 651 604 679; x_wconf 82' lang='lat' dir='ltr'>auctam.</span> <span class='ocrx_word' id='word_1_58' title='bbox 693 644 808 690; x_wconf 85' lang='lat' dir='ltr'>Quod</span> <span class='ocrx_word' id='word_1_59' title='bbox 838 646 984 681; x_wconf 86' lang='lat' dir='ltr'>utinam</span> <span class='ocrx_word' id='word_1_60' title='bbox 1012 645 1238 682; x_wconf 82' lang='lat' dir='ltr'>humaniore</span> <span class='ocrx_word' id='word_1_61' title='bbox 1267 643 1352 681; x_wconf 87' lang='lat' dir='ltr'>stilo</span> <span class='ocrx_word' id='word_1_62' title='bbox 1383 653 1420 682; x_wconf 83' lang='lat' dir='ltr'>et</span> <span class='ocrx_word' id='word_1_63' title='bbox 1445 645 1573 682; x_wconf 88' lang='lat' dir='ltr'>minus</span> 
     </span>
     <span class='ocr_line' id='line_1_9' title="bbox 133 707 1577 765; baseline 0.003 -18"><span class='ocrx_word' id='word_1_64' title='bbox 133 710 316 750; x_wconf 57' lang='lat' dir='ltr'>obsoleto⁴</span> <span class='ocrx_word' id='word_1_65' title='bbox 337 707 580 762; x_wconf 74' lang='lat' dir='ltr'>praestitisset</span> <span class='ocrx_word' id='word_1_66' title='bbox 606 712 731 750; x_wconf 87' lang='lat' dir='ltr'>bonus</span> <span class='ocrx_word' id='word_1_67' title='bbox 761 712 826 750; x_wconf 91' lang='lat' dir='ltr'>ille</span> <span class='ocrx_word' id='word_1_68' title='bbox 858 715 1013 760; x_wconf 86' lang='lat' dir='ltr'>Douza,</span> <span class='ocrx_word' id='word_1_69' title='bbox 1057 723 1117 761; x_wconf 90' lang='lat' dir='ltr'>ut,</span> <span class='ocrx_word' id='word_1_70' title='bbox 1158 729 1252 765; x_wconf 83' lang='lat' dir='ltr'>quae</span> <span class='ocrx_word' id='word_1_71' title='bbox 1283 712 1494 761; x_wconf 81' lang='lat' dir='ltr'>scribebat,</span> <span class='ocrx_word' id='word_1_72' title='bbox 1536 721 1577 752; x_wconf 86' lang='lat' dir='ltr'>et</span> 
     </span>
     <span class='ocr_line' id='line_1_10' title="bbox 132 779 1576 834; baseline 0.001 -16"><span class='ocrx_word' id='word_1_73' title='bbox 132 779 208 831; x_wconf 77' lang='lat' dir='ltr'>legi</span> <span class='ocrx_word' id='word_1_74' title='bbox 231 782 439 827; x_wconf 86' lang='lat' dir='ltr'>libentius,</span> <span class='ocrx_word' id='word_1_75' title='bbox 469 789 505 818; x_wconf 88' lang='lat' dir='ltr'>et</span> <span class='ocrx_word' id='word_1_76' title='bbox 525 781 690 831; x_wconf 82' lang='lat' dir='ltr'>intelligi</span> <span class='ocrx_word' id='word_1_77' title='bbox 721 783 872 819; x_wconf 78' lang='lat' dir='ltr'>facilius</span> <span class='ocrx_word' id='word_1_78' title='bbox 892 782 1055 834; x_wconf 77' lang='lat' dir='ltr'><strong>possent.</strong></span> <span class='ocrx_word' id='word_1_79' title='bbox 1114 785 1195 833; x_wconf 81' lang='lat' dir='ltr'>Ego</span> <span class='ocrx_word' id='word_1_80' title='bbox 1220 797 1311 821; x_wconf 89' lang='lat' dir='ltr'>vero</span> <span class='ocrx_word' id='word_1_81' title='bbox 1338 792 1576 834; x_wconf 83' lang='lat' dir='ltr'>argumenta,</span> 
     </span>
     <span class='ocr_line' id='line_1_11' title="bbox 134 849 1575 902; baseline 0.001 -15"><span class='ocrx_word' id='word_1_82' title='bbox 134 851 276 900; x_wconf 86' lang='lat' dir='ltr'>quibus</span> <span class='ocrx_word' id='word_1_83' title='bbox 309 852 451 896; x_wconf 82' lang='lat' dir='ltr'>utitur,</span> <span class='ocrx_word' id='word_1_84' title='bbox 495 849 711 888; x_wconf 76' lang='lat' dir='ltr'>summatim</span> <span class='ocrx_word' id='word_1_85' title='bbox 739 853 914 902; x_wconf 79' lang='lat' dir='ltr'>proferre</span> <span class='ocrx_word' id='word_1_86' title='bbox 936 867 1014 889; x_wconf 91' lang='lat' dir='ltr'>non</span> <span class='ocrx_word' id='word_1_87' title='bbox 1074 867 1082 874; x_wconf 65' lang='lat'><strong>⁴</strong></span> <span class='ocrx_word' id='word_1_88' title='bbox 1107 853 1240 889; x_wconf 80' lang='lat' dir='ltr'>vabor.</span> <span class='ocrx_word' id='word_1_89' title='bbox 1299 854 1469 890; x_wconf 85' lang='lat' dir='ltr'>Primum</span> <span class='ocrx_word' id='word_1_90' title='bbox 1498 853 1575 902; x_wconf 86' lang='lat' dir='ltr'>igi-</span> 
     </span>
     <span class='ocr_line' id='line_1_12' title="bbox 133 920 1576 972; baseline 0.002 -16"><span class='ocrx_word' id='word_1_91' title='bbox 133 928 196 956; x_wconf 78' lang='lat' dir='ltr'>tur</span> <span class='ocrx_word' id='word_1_92' title='bbox 237 921 346 957; x_wconf 87' lang='lat' dir='ltr'>nullo</span> <span class='ocrx_word' id='word_1_93' title='bbox 391 921 504 958; x_wconf 85' lang='lat' dir='ltr'>modo</span> <span class='ocrx_word' id='word_1_94' title='bbox 547 921 726 958; x_wconf 85' lang='lat' dir='ltr'>Tibullus</span> <span class='ocrx_word' id='word_1_95' title='bbox 759 920 940 972; x_wconf 81' lang='lat' dir='ltr'>potuisset</span> <span class='ocrx_word' id='word_1_96' title='bbox 967 921 1160 958; x_wconf 76' lang='lat' dir='ltr'>Messalam</span> <span class='ocrx_word' id='word_1_97' title='bbox 1199 920 1306 972; x_wconf 84' lang='lat' dir='ltr'>sequi</span> <span class='ocrx_word' id='word_1_98' title='bbox 1344 923 1391 959; x_wconf 81' lang='lat' dir='ltr'>ad</span> <span class='ocrx_word' id='word_1_99' title='bbox 1428 923 1576 959; x_wconf 88' lang='lat' dir='ltr'>bellum</span> 
     </span>
     <span class='ocr_line' id='line_1_13' title="bbox 134 989 1576 1042; baseline 0.002 -16"><span class='ocrx_word' id='word_1_100' title='bbox 134 990 433 1039; x_wconf 79' lang='lat' dir='ltr'>Aquitanicum,</span> <span class='ocrx_word' id='word_1_101' title='bbox 483 989 675 1040; x_wconf 79' lang='lat' dir='ltr'>stipendia</span> <span class='ocrx_word' id='word_1_102' title='bbox 710 1005 875 1037; x_wconf 83' lang='lat' dir='ltr'>merere,</span> <span class='ocrx_word' id='word_1_103' title='bbox 924 993 1037 1040; x_wconf 86' lang='lat' dir='ltr'>gnavi</span> <span class='ocrx_word' id='word_1_104' title='bbox 1076 993 1240 1042; x_wconf 82' lang='lat' dir='ltr'>denique</span> <span class='ocrx_word' id='word_1_105' title='bbox 1277 992 1410 1029; x_wconf 88' lang='lat' dir='ltr'>militis</span> <span class='ocrx_word' id='word_1_106' title='bbox 1451 993 1576 1030; x_wconf 85' lang='lat' dir='ltr'>vicem</span> 
     </span>
     <span class='ocr_line' id='line_1_14' title="bbox 119 1045 1576 1113; baseline 0.002 -18"><span class='ocrx_word' id='word_1_107' title='bbox 119 1045 267 1108; x_wconf 50' lang='lat' dir='ltr'>¹fungi,</span> <span class='ocrx_word' id='word_1_108' title='bbox 309 1055 431 1110; x_wconf 85' lang='lat' dir='ltr'>(quod</span> <span class='ocrx_word' id='word_1_109' title='bbox 452 1056 533 1107; x_wconf 89' lang='lat' dir='ltr'>ipse</span> <span class='ocrx_word' id='word_1_110' title='bbox 558 1059 605 1094; x_wconf 88' lang='lat' dir='ltr'>de</span> <span class='ocrx_word' id='word_1_111' title='bbox 627 1056 664 1094; x_wconf 85' lang='lat' dir='ltr'>se</span> <span class='ocrx_word' id='word_1_112' title='bbox 685 1067 838 1105; x_wconf 84' lang='lat' dir='ltr'>narrat,</span> <span class='ocrx_word' id='word_1_113' title='bbox 861 1055 914 1113; x_wconf 81' lang='lat' dir='ltr'>e))</span> <span class='ocrx_word' id='word_1_114' title='bbox 945 1061 1165 1109; x_wconf 83' lang='lat' dir='ltr'>quindecim</span> <span class='ocrx_word' id='word_1_115' title='bbox 1194 1075 1317 1098; x_wconf 77' lang='lat' dir='ltr'>annos</span> <span class='ocrx_word' id='word_1_116' title='bbox 1341 1070 1476 1108; x_wconf 85' lang='lat' dir='ltr'>natus,</span> <span class='ocrx_word' id='word_1_117' title='bbox 1513 1061 1576 1098; x_wconf 85' lang='lat' dir='ltr'>vel</span> 
     </span>
     <span class='ocr_line' id='line_1_15' title="bbox 134 1110 1580 1176; baseline 0.003 -13"><span class='ocrx_word' id='word_1_118' title='bbox 134 1127 250 1164; x_wconf 84' lang='lat' dir='ltr'>etiam</span> <span class='ocrx_word' id='word_1_119' title='bbox 276 1110 473 1176; x_wconf 78' lang='lat' dir='ltr'>aliquanto</span> <span class='ocrx_word' id='word_1_120' title='bbox 501 1128 649 1164; x_wconf 84' lang='lat' dir='ltr'>minor:</span> <span class='ocrx_word' id='word_1_121' title='bbox 696 1137 751 1165; x_wconf 89' lang='lat' dir='ltr'>tot</span> <span class='ocrx_word' id='word_1_122' title='bbox 781 1130 882 1165; x_wconf 81' lang='lat' dir='ltr'>enim</span> <span class='ocrx_word' id='word_1_123' title='bbox 924 1130 1002 1166; x_wconf 82' lang='lat' dir='ltr'>fere</span> <span class='ocrx_word' id='word_1_124' title='bbox 1031 1130 1274 1168; x_wconf 80' lang='lat' dir='ltr'>intercedunt</span> <span class='ocrx_word' id='word_1_125' title='bbox 1313 1130 1360 1166; x_wconf 85' lang='lat' dir='ltr'>ab</span> <span class='ocrx_word' id='word_1_126' title='bbox 1391 1131 1507 1166; x_wconf 85' lang='lat' dir='ltr'>Hirtii</span> <span class='ocrx_word' id='word_1_127' title='bbox 1540 1138 1580 1168; x_wconf 86' lang='lat' dir='ltr'>et</span> 
     </span>
     <span class='ocr_line' id='line_1_16' title="bbox 133 1194 1578 1250; baseline 0.001 -16"><span class='ocrx_word' id='word_1_128' title='bbox 133 1194 278 1234; x_wconf 83' lang='lat' dir='ltr'>Pansae</span> <span class='ocrx_word' id='word_1_129' title='bbox 309 1195 510 1233; x_wconf 86' lang='lat' dir='ltr'>consulatu</span> <span class='ocrx_word' id='word_1_130' title='bbox 532 1197 581 1232; x_wconf 85' lang='lat' dir='ltr'>ad</span> <span class='ocrx_word' id='word_1_131' title='bbox 602 1194 776 1234; x_wconf 75' lang='lat' dir='ltr'>Messalae</span> <span class='ocrx_word' id='word_1_132' title='bbox 805 1199 1006 1235; x_wconf 82' lang='lat' dir='ltr'>victoriam</span> <span class='ocrx_word' id='word_1_133' title='bbox 1033 1214 1075 1236; x_wconf 88' lang='lat' dir='ltr'>ac</span> <span class='ocrx_word' id='word_1_134' title='bbox 1099 1199 1338 1250; x_wconf 85' lang='lat' dir='ltr'>triumphum</span> <span class='ocrx_word' id='word_1_135' title='bbox 1368 1200 1415 1236; x_wconf 88' lang='lat' dir='ltr'>de</span> <span class='ocrx_word' id='word_1_136' title='bbox 1436 1199 1578 1246; x_wconf 79' lang='lat' dir='ltr'>Gallis,</span> 
     </span>
     <span class='ocr_line' id='line_1_17' title="bbox 137 1266 1577 1320; baseline 0.002 -18"><span class='ocrx_word' id='word_1_137' title='bbox 137 1279 251 1316; x_wconf 88' lang='lat' dir='ltr'>quem</span> <span class='ocrx_word' id='word_1_138' title='bbox 279 1266 355 1315; x_wconf 72' lang='lat' dir='ltr'>egit</span> <span class='ocrx_word' id='word_1_139' title='bbox 385 1280 486 1302; x_wconf 84' lang='lat' dir='ltr'>anno</span> <span class='ocrx_word' id='word_1_140' title='bbox 518 1266 567 1303; x_wconf 85' lang='lat' dir='ltr'>V.</span> <span class='ocrx_word' id='word_1_141' title='bbox 602 1269 645 1303; x_wconf 91' lang='lat' dir='ltr'>C.</span> <span class='ocrx_word' id='word_1_142' title='bbox 668 1280 881 1305; x_wconf 73' lang='lat' dir='ltr'>nccxxvr.</span> <span class='ocrx_word' id='word_1_143' title='bbox 913 1278 954 1305; x_wconf 89' lang='lat' dir='ltr'>ut</span> <span class='ocrx_word' id='word_1_144' title='bbox 984 1283 1028 1305; x_wconf 80' lang='lat' dir='ltr'>ex</span> <span class='ocrx_word' id='word_1_145' title='bbox 1058 1267 1301 1306; x_wconf 82' lang='lat' dir='ltr'>vetustiffimo</span> <span class='ocrx_word' id='word_1_146' title='bbox 1324 1269 1454 1320; x_wconf 84' lang='lat' dir='ltr'>lapide</span> <span class='ocrx_word' id='word_1_147' title='bbox 1485 1267 1577 1307; x_wconf 82' lang='lat' dir='ltr'>satis</span> 
     </span>
     <span class='ocr_line' id='line_1_18' title="bbox 137 1333 1577 1388; baseline 0.003 -17"><span class='ocrx_word' id='word_1_148' title='bbox 137 1333 364 1388; x_wconf 76' lang='lat' dir='ltr'>constat-f)</span> <span class='ocrx_word' id='word_1_149' title='bbox 432 1336 581 1372; x_wconf 83' lang='lat' dir='ltr'>Deinde</span> <span class='ocrx_word' id='word_1_150' title='bbox 611 1336 776 1374; x_wconf 79' lang='lat' dir='ltr'>Ovidius</span> <span class='ocrx_word' id='word_1_151' title='bbox 797 1339 846 1386; x_wconf 78' lang='lat' dir='ltr'>g)</span> <span class='ocrx_word' id='word_1_152' title='bbox 878 1339 981 1375; x_wconf 87' lang='lat' dir='ltr'>libro</span> <span class='ocrx_word' id='word_1_153' title='bbox 1006 1339 1076 1377; x_wconf 85' lang='lat' dir='ltr'>IV.</span> <span class='ocrx_word' id='word_1_154' title='bbox 1113 1337 1318 1385; x_wconf 88' lang='lat' dir='ltr'>Tristium,</span> <span class='ocrx_word' id='word_1_155' title='bbox 1364 1339 1497 1388; x_wconf 79' lang='lat' dir='ltr'>Elegia</span> <span class='ocrx_word' id='word_1_156' title='bbox 1527 1339 1577 1376; x_wconf 88' lang='lat' dir='ltr'>X.</span> 
     </span>
     <span class='ocr_line' id='line_1_19' title="bbox 137 1404 1579 1458; baseline 0.003 -17"><span class='ocrx_word' id='word_1_157' title='bbox 137 1406 230 1451; x_wconf 79' lang='lat' dir='ltr'>vbi,</span> <span class='ocrx_word' id='word_1_158' title='bbox 262 1407 394 1442; x_wconf 71' lang='lat' dir='ltr'>aetatis</span> <span class='ocrx_word' id='word_1_159' title='bbox 419 1406 554 1442; x_wconf 83' lang='lat' dir='ltr'>ordine</span> <span class='ocrx_word' id='word_1_160' title='bbox 579 1404 746 1452; x_wconf 76' lang='lat' dir='ltr'>servato,</span> <span class='ocrx_word' id='word_1_161' title='bbox 777 1407 932 1458; x_wconf 81' lang='lat' dir='ltr'>Elegiae</span> <span class='ocrx_word' id='word_1_162' title='bbox 952 1409 1110 1444; x_wconf 85' lang='lat' dir='ltr'>Latinae</span> <span class='ocrx_word' id='word_1_163' title='bbox 1140 1405 1345 1458; x_wconf 81' lang='lat' dir='ltr'>scriptores</span> <span class='ocrx_word' id='word_1_164' title='bbox 1367 1417 1579 1455; x_wconf 78' lang='lat' dir='ltr'>enumerat,</span> 
     </span>
     <span class='ocr_line' id='line_1_20' title="bbox 140 1475 1581 1525; baseline 0.001 -13"><span class='ocrx_word' id='word_1_165' title='bbox 140 1475 258 1512; x_wconf 84' lang='lat' dir='ltr'>Gallo</span> <span class='ocrx_word' id='word_1_166' title='bbox 293 1476 513 1525; x_wconf 79' lang='lat' dir='ltr'>principem</span> <span class='ocrx_word' id='word_1_167' title='bbox 543 1475 666 1512; x_wconf 86' lang='lat' dir='ltr'>locum</span> <span class='ocrx_word' id='word_1_168' title='bbox 700 1477 856 1522; x_wconf 82' lang='lat' dir='ltr'>tribuit,</span> <span class='ocrx_word' id='word_1_169' title='bbox 898 1477 1058 1514; x_wconf 86' lang='lat' dir='ltr'>alterum</span> <span class='ocrx_word' id='word_1_170' title='bbox 1090 1478 1272 1523; x_wconf 85' lang='lat' dir='ltr'>Tibullo,</span> <span class='ocrx_word' id='word_1_171' title='bbox 1302 1479 1456 1514; x_wconf 84' lang='lat' dir='ltr'>tertium</span> <span class='ocrx_word' id='word_1_172' title='bbox 1482 1480 1581 1514; x_wconf 86' lang='lat' dir='ltr'>Pro-</span> 
     </span>
     <span class='ocr_line' id='line_1_21' title="bbox 138 1542 1580 1597; baseline 0.001 -15"><span class='ocrx_word' id='word_1_173' title='bbox 138 1546 285 1597; x_wconf 76' lang='lat' dir='ltr'>pertio,</span> <span class='ocrx_word' id='word_1_174' title='bbox 316 1543 385 1581; x_wconf 84' lang='lat' dir='ltr'>fibi</span> <span class='ocrx_word' id='word_1_175' title='bbox 407 1542 488 1594; x_wconf 85' lang='lat' dir='ltr'>ipse</span> <span class='ocrx_word' id='word_1_176' title='bbox 508 1543 763 1594; x_wconf 70' lang='lat' dir='ltr'>postremum:</span> <span class='ocrx_word' id='word_1_177' title='bbox 805 1561 849 1582; x_wconf 74' lang='lat' dir='ltr'>ex</span> <span class='ocrx_word' id='word_1_178' title='bbox 879 1560 954 1596; x_wconf 88' lang='lat' dir='ltr'>quo</span> <span class='ocrx_word' id='word_1_179' title='bbox 977 1547 1215 1596; x_wconf 84' lang='lat' dir='ltr'>colligimus,</span> <span class='ocrx_word' id='word_1_180' title='bbox 1253 1547 1452 1584; x_wconf 88' lang='lat' dir='ltr'>Tibullum</span> <span class='ocrx_word' id='word_1_181' title='bbox 1481 1549 1580 1584; x_wconf 88' lang='lat' dir='ltr'>Pro-</span> 
     </span>
     <span class='ocr_line' id='line_1_22' title="bbox 138 1614 1582 1666; baseline 0.001 -14"><span class='ocrx_word' id='word_1_182' title='bbox 138 1615 266 1666; x_wconf 81' lang='lat' dir='ltr'>pertio</span> <span class='ocrx_word' id='word_1_183' title='bbox 287 1624 397 1663; x_wconf 83' lang='lat' dir='ltr'>atque</span> <span class='ocrx_word' id='word_1_184' title='bbox 423 1614 566 1650; x_wconf 75' lang='lat' dir='ltr'>Ovidio</span> <span class='ocrx_word' id='word_1_185' title='bbox 597 1622 687 1650; x_wconf 84' lang='lat' dir='ltr'>natu</span> <span class='ocrx_word' id='word_1_186' title='bbox 707 1616 889 1652; x_wconf 82' lang='lat' dir='ltr'>maiorem</span> <span class='ocrx_word' id='word_1_187' title='bbox 921 1614 1041 1652; x_wconf 85' lang='lat' dir='ltr'>fuiffe.</span> <span class='ocrx_word' id='word_1_188' title='bbox 1101 1614 1285 1666; x_wconf 27' lang='lat' dir='ltr'>Nisiu&#39;quis</span> <span class='ocrx_word' id='word_1_189' title='bbox 1309 1617 1435 1666; x_wconf 84' lang='lat' dir='ltr'>inepte</span> <span class='ocrx_word' id='word_1_190' title='bbox 1457 1617 1582 1653; x_wconf 80' lang='lat' dir='ltr'>cavil-</span> 
     </span>
     <span class='ocr_line' id='line_1_23' title="bbox 139 1680 1623 1737; baseline 0.002 -15"><span class='ocrx_word' id='word_1_191' title='bbox 139 1685 262 1732; x_wconf 77' lang='lat' dir='ltr'>letur,</span> <span class='ocrx_word' id='word_1_192' title='bbox 299 1682 488 1720; x_wconf 84' lang='lat' dir='ltr'>Nasonem</span> <span class='ocrx_word' id='word_1_193' title='bbox 518 1680 636 1718; x_wconf 81' lang='lat' dir='ltr'>serius</span> <span class='ocrx_word' id='word_1_194' title='bbox 673 1684 720 1720; x_wconf 86' lang='lat' dir='ltr'>ad</span> <span class='ocrx_word' id='word_1_195' title='bbox 753 1683 999 1722; x_wconf 83' lang='lat' dir='ltr'>scribendum</span> <span class='ocrx_word' id='word_1_196' title='bbox 1030 1684 1219 1737; x_wconf 65' lang='lat' dir='ltr'>appulifl&#39;e</span> <span class='ocrx_word' id='word_1_197' title='bbox 1249 1686 1445 1733; x_wconf 79' lang='lat' dir='ltr'>animum3</span> <span class='ocrx_word' id='word_1_198' title='bbox 1476 1686 1582 1735; x_wconf 87' lang='lat' dir='ltr'>quod</span> <span class='ocrx_word' id='word_1_199' title='bbox 1619 1720 1623 1724; x_wconf 90' lang='grc'><em>,</em></span> 
     </span>
     <span class='ocr_line' id='line_1_24' title="bbox 142 1750 1583 1806; baseline 0.001 -15"><span class='ocrx_word' id='word_1_200' title='bbox 142 1754 185 1791; x_wconf 87' lang='lat' dir='ltr'>in</span> <span class='ocrx_word' id='word_1_201' title='bbox 221 1759 375 1804; x_wconf 72' lang='lat' dir='ltr'>poetam</span> <span class='ocrx_word' id='word_1_202' title='bbox 413 1750 768 1802; x_wconf 79' lang='lat' dir='ltr'>ingeniofiffimum,</span> <span class='ocrx_word' id='word_1_203' title='bbox 818 1764 855 1792; x_wconf 87' lang='lat' dir='ltr'>et</span> <span class='ocrx_word' id='word_1_204' title='bbox 894 1754 1025 1793; x_wconf 81' lang='lat' dir='ltr'>versus</span> <span class='ocrx_word' id='word_1_205' title='bbox 1052 1756 1242 1806; x_wconf 84' lang='lat' dir='ltr'>plurimos</span> <span class='ocrx_word' id='word_1_206' title='bbox 1279 1754 1388 1791; x_wconf 88' lang='lat' dir='ltr'>nullo</span> <span class='ocrx_word' id='word_1_207' title='bbox 1428 1758 1583 1806; x_wconf 84' lang='lat' dir='ltr'>negotio</span> 
     </span>
    </p>
   </div>
   <div class='ocr_carea' id='block_1_3' title="bbox 135 1819 1584 1933">
    <p class='ocr_par' dir='ltr' id='par_1_3' title="bbox 135 1819 1584 1933">
     <span class='ocr_line' id='line_1_25' title="bbox 135 1819 1584 1877; baseline 0.001 -16"><span class='ocrx_word' id='word_1_208' title='bbox 135 1823 305 1872; x_wconf 25' lang='lat' dir='ltr'>*fundere</span> <span class='ocrx_word' id='word_1_209' title='bbox 332 1819 487 1860; x_wconf 87' lang='lat' dir='ltr'>solitum</span> <span class='ocrx_word' id='word_1_210' title='bbox 516 1822 643 1860; x_wconf 79' lang='lat' dir='ltr'>minus</span> <span class='ocrx_word' id='word_1_211' title='bbox 672 1825 865 1863; x_wconf 80' lang='lat' dir='ltr'>convenit.</span> <span class='ocrx_word' id='word_1_212' title='bbox 937 1826 1020 1862; x_wconf 88' lang='lat' dir='ltr'>Huc</span> <span class='ocrx_word' id='word_1_213' title='bbox 1043 1824 1213 1877; x_wconf 88' lang='lat' dir='ltr'>pertinet</span> <span class='ocrx_word' id='word_1_214' title='bbox 1238 1824 1323 1862; x_wconf 89' lang='lat' dir='ltr'>Ode</span> <span class='ocrx_word' id='word_1_215' title='bbox 1355 1825 1504 1862; x_wconf 83' lang='lat' dir='ltr'>Horatii</span> <span class='ocrx_word' id='word_1_216' title='bbox 1533 1826 1584 1863; x_wconf 86' lang='lat' dir='ltr'>ad</span> 
     </span>
     <span class='ocr_line' id='line_1_26' title="bbox 1421 1894 1584 1933; baseline 0.012 -2"><span class='ocrx_word' id='word_1_217' title='bbox 1421 1894 1584 1933; x_wconf 87' lang='lat' dir='ltr'>Albium</span> 
     </span>
    </p>
   </div>
   <div class='ocr_carea' id='block_1_4' title="bbox 145 2001 1585 2209">
    <p class='ocr_par' dir='ltr' id='par_1_4' title="bbox 145 2001 1585 2164">
     <span class='ocr_line' id='line_1_27' title="bbox 192 2001 1585 2047; baseline 0.002 -11"><span class='ocrx_word' id='word_1_218' title='bbox 192 2003 232 2046; x_wconf 82' lang='lat' dir='ltr'>d)</span> <span class='ocrx_word' id='word_1_219' title='bbox 259 2001 524 2047; x_wconf 79' lang='lat' dir='ltr'>Schediasmate</span> <span class='ocrx_word' id='word_1_220' title='bbox 545 2002 762 2046; x_wconf 77' lang='lat' dir='ltr'>succidaneo</span> <span class='ocrx_word' id='word_1_221' title='bbox 785 2006 835 2038; x_wconf 80' lang='lat' dir='ltr'>ad</span> <span class='ocrx_word' id='word_1_222' title='bbox 897 2016 969 2039; x_wconf 71' lang='lat' dir='ltr'>rizo</span> <span class='ocrx_word' id='word_1_223' title='bbox 995 2017 1069 2038; x_wconf 80' lang='grc' dir='ltr'><strong>οοε.</strong></span> <span class='ocrx_word' id='word_1_224' title='bbox 1094 2016 1156 2038; x_wconf 69' lang='grc' dir='ltr'>ΕΚ.</span> <span class='ocrx_word' id='word_1_225' title='bbox 1181 2014 1328 2037; x_wconf 69' lang='lat' dir='ltr'>GALmA.</span> <span class='ocrx_word' id='word_1_226' title='bbox 1353 2015 1422 2038; x_wconf 78' lang='lat' dir='ltr'>vn.</span> <span class='ocrx_word' id='word_1_227' title='bbox 1446 2016 1482 2038; x_wconf 79' lang='lat' dir='ltr'>x.</span> <span class='ocrx_word' id='word_1_228' title='bbox 1501 2017 1585 2040; x_wconf 68' lang='lat' dir='ltr'>ocr-</span> 
     </span>
     <span class='ocr_line' id='line_1_28' title="bbox 149 2059 1585 2107; baseline 0.003 -15"><span class='ocrx_word' id='word_1_229' title='bbox 149 2059 347 2102; x_wconf 79' lang='lat' dir='ltr'>Tibullum)</span> <span class='ocrx_word' id='word_1_230' title='bbox 379 2059 476 2104; x_wconf 85' lang='lat' dir='ltr'>quod</span> <span class='ocrx_word' id='word_1_231' title='bbox 494 2059 743 2095; x_wconf 80' lang='lat' dir='ltr'>Praecidaneis</span> <span class='ocrx_word' id='word_1_232' title='bbox 760 2060 832 2096; x_wconf 78' lang='lat' dir='ltr'>suis</span> <span class='ocrx_word' id='word_1_233' title='bbox 897 2060 957 2096; x_wconf 82' lang='lat' dir='ltr'>Est</span> <span class='ocrx_word' id='word_1_234' title='bbox 982 2064 1014 2095; x_wconf 88' lang='lat' dir='ltr'>is</span> <span class='ocrx_word' id='word_1_235' title='bbox 1044 2073 1157 2095; x_wconf 75' lang='lat' dir='ltr'>annus</span> <span class='ocrx_word' id='word_1_236' title='bbox 1185 2061 1235 2095; x_wconf 82' lang='lat' dir='ltr'>V.</span> <span class='ocrx_word' id='word_1_237' title='bbox 1261 2061 1303 2096; x_wconf 89' lang='lat' dir='ltr'>C.</span> <span class='ocrx_word' id='word_1_238' title='bbox 1336 2072 1415 2107; x_wconf 84' lang='lat'><strong>727.</strong></span> <span class='ocrx_word' id='word_1_239' title='bbox 1447 2061 1585 2096; x_wconf 75' lang='lat' dir='ltr'>Varro-</span> 
     </span>
     <span class='ocr_line' id='line_1_29' title="bbox 145 2115 1037 2164; baseline 0.007 -16"><span class='ocrx_word' id='word_1_240' title='bbox 145 2126 214 2160; x_wconf 87' lang='lat' dir='ltr'>pro</span> <span class='ocrx_word' id='word_1_241' title='bbox 233 2115 379 2149; x_wconf 81' lang='lat' dir='ltr'>Tibullo</span> <span class='ocrx_word' id='word_1_242' title='bbox 397 2115 543 2157; x_wconf 71' lang='lat' dir='ltr'>adiecit,</span> <span class='ocrx_word' id='word_1_243' title='bbox 569 2116 737 2161; x_wconf 80' lang='lat' dir='ltr'>quodque</span> <span class='ocrx_word' id='word_1_244' title='bbox 755 2117 834 2164; x_wconf 78' lang='lat' dir='ltr'>post</span> <span class='ocrx_word' id='word_1_245' title='bbox 896 2122 1037 2154; x_wconf 79' lang='lat' dir='ltr'>niauus.</span> 
     </span>
    </p>

    <p class='ocr_par' dir='ltr' id='par_1_5' title="bbox 147 2171 834 2209">
     <span class='ocr_line' id='line_1_30' title="bbox 147 2171 834 2209; baseline 0.007 -5"><span class='ocrx_word' id='word_1_246' title='bbox 147 2171 496 2206; x_wconf 82' lang='lat' dir='ltr'>Morelluminedit.</span> <span class='ocrx_word' id='word_1_247' title='bbox 526 2173 639 2206; x_wconf 81' lang='lat' dir='ltr'>Paris.</span> <span class='ocrx_word' id='word_1_248' title='bbox 665 2174 762 2208; x_wconf 78' lang='lat'><strong>1604.</strong></span> <span class='ocrx_word' id='word_1_249' title='bbox 789 2174 834 2209; x_wconf 77' lang='lat' dir='ltr'>ad</span> 
     </span>
    </p>
   </div>
   <div class='ocr_carea' id='block_1_5' title="bbox 145 2220 1589 2674">
    <p class='ocr_par' dir='ltr' id='par_1_6' title="bbox 145 2220 1589 2674">
     <span class='ocr_line' id='line_1_31' title="bbox 147 2220 1374 2269; baseline 0.002 -9"><span class='ocrx_word' id='word_1_250' title='bbox 147 2229 283 2261; x_wconf 81' lang='lat' dir='ltr'>calcem</span> <span class='ocrx_word' id='word_1_251' title='bbox 300 2227 467 2262; x_wconf 78' lang='lat' dir='ltr'>editionis</span> <span class='ocrx_word' id='word_1_252' title='bbox 483 2228 566 2263; x_wconf 80' lang='lat' dir='ltr'>suae</span> <span class='ocrx_word' id='word_1_253' title='bbox 589 2229 711 2263; x_wconf 82' lang='lat' dir='ltr'>recudi</span> <span class='ocrx_word' id='word_1_254' title='bbox 731 2242 834 2265; x_wconf 79' lang='lat' dir='ltr'>cura·</span> <span class='ocrx_word' id='word_1_255' title='bbox 944 2223 988 2269; x_wconf 79' lang='lat' dir='ltr'>g)</span> <span class='ocrx_word' id='word_1_256' title='bbox 1012 2223 1079 2256; x_wconf 78' lang='lat' dir='ltr'>IV·</span> <span class='ocrx_word' id='word_1_257' title='bbox 1104 2220 1210 2257; x_wconf 68' lang='lat' dir='ltr'>Trist·</span> <span class='ocrx_word' id='word_1_258' title='bbox 1240 2234 1293 2263; x_wconf 72' lang='lat'>¹02</span> <span class='ocrx_word' id='word_1_259' title='bbox 1319 2222 1374 2256; x_wconf 86' lang='lat'>51·</span> 
     </span>
     <span class='ocr_line' id='line_1_32' title="bbox 145 2283 1586 2337; baseline 0.001 -20"><span class='ocrx_word' id='word_1_260' title='bbox 145 2286 200 2317; x_wconf 75' lang='lat' dir='ltr'>vit</span> <span class='ocrx_word' id='word_1_261' title='bbox 228 2283 495 2326; x_wconf 77' lang='lat' dir='ltr'>Broukhufius,</span> <span class='ocrx_word' id='word_1_262' title='bbox 536 2289 598 2330; x_wconf 82' lang='lat' dir='ltr'>qui</span> <span class='ocrx_word' id='word_1_263' title='bbox 624 2289 663 2319; x_wconf 80' lang='lat' dir='ltr'>in</span> <span class='ocrx_word' id='word_1_264' title='bbox 690 2287 835 2326; x_wconf 79' lang='lat' dir='ltr'>Dousae</span> <span class='ocrx_word' id='word_1_265' title='bbox 973 2290 1166 2337; x_wconf 77' lang='lat' dir='ltr'>Virgilium</span> <span class='ocrx_word' id='word_1_266' title='bbox 1204 2290 1281 2323; x_wconf 69' lang='lat' dir='ltr'>vidi</span> <span class='ocrx_word' id='word_1_267' title='bbox 1321 2296 1484 2323; x_wconf 77' lang='lat' dir='ltr'>tantum:</span> <span class='ocrx_word' id='word_1_268' title='bbox 1522 2297 1586 2320; x_wconf 80' lang='lat' dir='ltr'>nec</span> 
     </span>
     <span class='ocr_line' id='line_1_33' title="bbox 146 2340 1473 2384; baseline 0.002 -10"><span class='ocrx_word' id='word_1_269' title='bbox 146 2340 359 2375; x_wconf 75' lang='lat' dir='ltr'>sententiam</span> <span class='ocrx_word' id='word_1_270' title='bbox 379 2340 529 2384; x_wconf 83' lang='lat' dir='ltr'>pedibus</span> <span class='ocrx_word' id='word_1_271' title='bbox 552 2345 691 2376; x_wconf 80' lang='lat' dir='ltr'>transit.</span> <span class='ocrx_word' id='word_1_272' title='bbox 738 2343 833 2377; x_wconf 71' lang='lat' dir='ltr'>Ean»-</span> <span class='ocrx_word' id='word_1_273' title='bbox 1176 2358 1306 2380; x_wconf 77' lang='lat' dir='ltr'>amara</span> <span class='ocrx_word' id='word_1_274' title='bbox 1332 2344 1473 2378; x_wconf 83' lang='lat' dir='ltr'>Tibullo</span> 
     </span>
     <span class='ocr_line' id='line_1_34' title="bbox 149 2395 1587 2449; baseline 0.003 -21"><span class='ocrx_word' id='word_1_275' title='bbox 149 2395 232 2429; x_wconf 85' lang='lat' dir='ltr'>dem</span> <span class='ocrx_word' id='word_1_276' title='bbox 249 2404 373 2429; x_wconf 71' lang='lat' dir='ltr'>ornate</span> <span class='ocrx_word' id='word_1_277' title='bbox 391 2397 594 2440; x_wconf 79' lang='lat' dir='ltr'>persecutus</span> <span class='ocrx_word' id='word_1_278' title='bbox 612 2397 660 2433; x_wconf 85' lang='lat' dir='ltr'>est</span> <span class='ocrx_word' id='word_1_279' title='bbox 672 2398 832 2435; x_wconf 71' lang='lat' dir='ltr'>Sanado-</span> <span class='ocrx_word' id='word_1_280' title='bbox 1015 2405 1167 2449; x_wconf 70' lang='lat' dir='ltr'>Tempus</span> <span class='ocrx_word' id='word_1_281' title='bbox 1191 2404 1374 2436; x_wconf 74' lang='lat' dir='ltr'>amicitiae</span> <span class='ocrx_word' id='word_1_282' title='bbox 1395 2400 1490 2446; x_wconf 77' lang='lat' dir='ltr'>fata</span> <span class='ocrx_word' id='word_1_283' title='bbox 1521 2399 1587 2433; x_wconf 81' lang='lat' dir='ltr'>de·-</span> 
     </span>
     <span class='ocr_line' id='line_1_35' title="bbox 147 2452 1388 2498; baseline 0.003 -12"><span class='ocrx_word' id='word_1_284' title='bbox 147 2455 230 2486; x_wconf 77' lang='lat' dir='ltr'>nius</span> <span class='ocrx_word' id='word_1_285' title='bbox 251 2452 295 2485; x_wconf 79' lang='lat' dir='ltr'>ad</span> <span class='ocrx_word' id='word_1_286' title='bbox 314 2452 405 2486; x_wconf 78' lang='lat' dir='ltr'>Hor.</span> <span class='ocrx_word' id='word_1_287' title='bbox 424 2454 454 2486; x_wconf 87' lang='grc' dir='ltr'>Ι.</span> <span class='ocrx_word' id='word_1_288' title='bbox 479 2452 578 2498; x_wconf 72' lang='lat' dir='ltr'>epifi.</span> <span class='ocrx_word' id='word_1_289' title='bbox 597 2455 631 2488; x_wconf 82' lang='lat'>4.</span> <span class='ocrx_word' id='word_1_290' title='bbox 657 2455 705 2489; x_wconf 90' lang='lat' dir='ltr'>cs.</span> <span class='ocrx_word' id='word_1_291' title='bbox 725 2459 834 2493; x_wconf 74' lang='lat' dir='ltr'>etiam</span> <span class='ocrx_word' id='word_1_292' title='bbox 1176 2458 1257 2492; x_wconf 79' lang='lat' dir='ltr'>dere</span> <span class='ocrx_word' id='word_1_293' title='bbox 1280 2471 1388 2492; x_wconf 79' lang='lat' dir='ltr'>meae.</span> 
     </span>
     <span class='ocr_line' id='line_1_36' title="bbox 149 2508 1589 2561; baseline 0.001 -17"><span class='ocrx_word' id='word_1_294' title='bbox 149 2508 305 2544; x_wconf 81' lang='lat' dir='ltr'>Malson.</span> <span class='ocrx_word' id='word_1_295' title='bbox 325 2511 399 2542; x_wconf 75' lang='lat' dir='ltr'>vita</span> <span class='ocrx_word' id='word_1_296' title='bbox 416 2508 560 2544; x_wconf 76' lang='lat' dir='ltr'>Horatii</span> <span class='ocrx_word' id='word_1_297' title='bbox 573 2511 618 2544; x_wconf 84' lang='lat' dir='ltr'>ad</span> <span class='ocrx_word' id='word_1_298' title='bbox 634 2524 666 2546; x_wconf 77' lang='lat' dir='ltr'>a.</span> <span class='ocrx_word' id='word_1_299' title='bbox 689 2515 766 2558; x_wconf 84' lang='lat'><strong>725.</strong></span> <span class='ocrx_word' id='word_1_300' title='bbox 971 2515 1150 2560; x_wconf 75' lang='lat' dir='ltr'>Succeff&#39;or</span> <span class='ocrx_word' id='word_1_301' title='bbox 1163 2515 1247 2561; x_wconf 85' lang='lat' dir='ltr'>fuit</span> <span class='ocrx_word' id='word_1_302' title='bbox 1272 2515 1329 2548; x_wconf 76' lang='lat' dir='ltr'>hic</span> <span class='ocrx_word' id='word_1_303' title='bbox 1353 2513 1432 2553; x_wconf 77' lang='lat' dir='ltr'>tibi,</span> <span class='ocrx_word' id='word_1_304' title='bbox 1462 2511 1589 2546; x_wconf 72' lang='lat' dir='ltr'>Galla.-</span> 
     </span>
     <span class='ocr_line' id='line_1_37' title="bbox 195 2565 1496 2617; baseline 0.002 -19"><span class='ocrx_word' id='word_1_305' title='bbox 195 2567 231 2608; x_wconf 77' lang='grc' dir='ltr'>ε)</span> <span class='ocrx_word' id='word_1_306' title='bbox 254 2565 317 2598; x_wconf 84' lang='lat' dir='ltr'>lib.</span> <span class='ocrx_word' id='word_1_307' title='bbox 337 2566 367 2598; x_wconf 93' lang='lat' dir='ltr'>I.</span> <span class='ocrx_word' id='word_1_308' title='bbox 394 2567 484 2609; x_wconf 76' lang='lat' dir='ltr'>eleg.</span> <span class='ocrx_word' id='word_1_309' title='bbox 507 2579 541 2610; x_wconf 86' lang='lat'>7,</span> <span class='ocrx_word' id='word_1_310' title='bbox 565 2579 598 2612; x_wconf 87' lang='lat'>9.</span> <span class='ocrx_word' id='word_1_311' title='bbox 624 2568 720 2615; x_wconf 83' lang='lat' dir='ltr'>seqq.</span> <span class='ocrx_word' id='word_1_312' title='bbox 1177 2573 1392 2617; x_wconf 69' lang='lat' dir='ltr'>Propertius</span> <span class='ocrx_word' id='word_1_313' title='bbox 1417 2569 1496 2603; x_wconf 78' lang='lat' dir='ltr'>illi.-</span> 
     </span>
     <span class='ocr_line' id='line_1_38' title="bbox 187 2621 1588 2674; baseline 0.004 -20"><span class='ocrx_word' id='word_1_314' title='bbox 187 2621 238 2667; x_wconf 89' lang='lat' dir='ltr'>f)</span> <span class='ocrx_word' id='word_1_315' title='bbox 275 2633 315 2655; x_wconf 84' lang='lat' dir='ltr'>M.</span> <span class='ocrx_word' id='word_1_316' title='bbox 347 2633 528 2656; x_wconf 68' lang='lat' dir='ltr'>VALEmvs</span> <span class='ocrx_word' id='word_1_317' title='bbox 569 2635 611 2658; x_wconf 80' lang='grc' dir='ltr'>Μ.</span> <span class='ocrx_word' id='word_1_318' title='bbox 645 2638 679 2660; x_wconf 72' lang='lat'>1².</span> <span class='ocrx_word' id='word_1_319' title='bbox 724 2639 766 2662; x_wconf 82' lang='grc' dir='ltr'>Μ.</span> <span class='ocrx_word' id='word_1_320' title='bbox 799 2639 836 2663; x_wconf 67' lang='grc' dir='ltr'>π.</span> <span class='ocrx_word' id='word_1_321' title='bbox 1018 2629 1178 2674; x_wconf 76' lang='lat' dir='ltr'>Quartus</span> <span class='ocrx_word' id='word_1_322' title='bbox 1195 2629 1241 2662; x_wconf 80' lang='lat' dir='ltr'>ab</span> <span class='ocrx_word' id='word_1_323' title='bbox 1260 2628 1317 2661; x_wconf 68' lang='lat' dir='ltr'>liis</span> <span class='ocrx_word' id='word_1_324' title='bbox 1334 2627 1430 2673; x_wconf 67' lang='lat' dir='ltr'>sbrie</span> <span class='ocrx_word' id='word_1_325' title='bbox 1450 2633 1588 2674; x_wconf 77' lang='lat' dir='ltr'>tempo-</span> 
     </span>
    </p>
   </div>
   <div class='ocr_carea' id='block_1_6' title="bbox 154 2684 1432 2732">
    <p class='ocr_par' dir='ltr' id='par_1_7' title="bbox 154 2684 1432 2732">
     <span class='ocr_line' id='line_1_39' title="bbox 154 2684 1432 2732; baseline 0.006 -20"><span class='ocrx_word' id='word_1_326' title='bbox 154 2688 330 2713; x_wconf 65' lang='lat' dir='ltr'>MzssAm.</span> <span class='ocrx_word' id='word_1_327' title='bbox 370 2689 406 2713; x_wconf 73' lang='lat' dir='ltr'>A.</span> <span class='ocrx_word' id='word_1_328' title='bbox 431 2692 605 2716; x_wconf 73' lang='lat' dir='ltr'>nccxxvt.</span> <span class='ocrx_word' id='word_1_329' title='bbox 640 2694 836 2718; x_wconf 70' lang='lat' dir='ltr'>convntvs.</span> <span class='ocrx_word' id='word_1_330' title='bbox 1178 2687 1232 2720; x_wconf 79' lang='lat' dir='ltr'>ris</span> <span class='ocrx_word' id='word_1_331' title='bbox 1255 2684 1328 2732; x_wconf 75' lang='lat' dir='ltr'>ipse</span> <span class='ocrx_word' id='word_1_332' title='bbox 1343 2685 1432 2730; x_wconf 22' lang='lat' dir='ltr'>fui...</span> 
     </span>
    </p>
   </div>
  </div>
 </body>
</html>
