1752 2974
202 112 286 153 260

209 229 364 274 Tunc
399 233 448 271 te
482 221 691 269 felicem
724 220 863 268 dicet
892 223 977 284 pia
1007 219 1155 267 [urba
1182 217 1426 275 deorum,

673 109 848 144 ALBll
890 105 1151 143 TIBVLLI

1584 227 1650 273 25

285 311 554 377 Optabunt
583 319 715 357 artes
754 318 806 355 et
841 305 942 354 sibi
979 308 1206 372 quisque
1247 314 1373 353 tuas.

631 473 1101 520 CARMEN
1169 472 1232 517 V.

216 565 352 664 Qui
367 577 504 626 mihi
519 586 584 633 te,
600 576 721 624 Ceri
729 575 873 632 nme,
890 573 1002 622 dies
1020 571 1181 630 dedit,
1195 573 1283 620 hic
1296 571 1431 620 mihi
1442 569 1661 625 sanctus,

293 670 465 732 Atque
495 665 632 712 inter
665 661 823 710 festos
849 660 1054 727 semper
1086 658 1363 708 habendus
1397 659 1508 707 erit.

218 761 295 807 Te
318 753 572 810 nascente,
611 767 818 800 novum
843 753 1030 799 Parcae
1059 749 1291 796 cecinere
1317 746 1511 810 puellis

296 842 579 892 Servitium
596 877 608 896 ,
663 849 714 886 et
744 837 1006 886 dederunt
1034 851 1193 900 regna
1223 832 1446 898 superba
1474 833 1586 880 tibi.

221 935 362 981 Uror
389 946 486 995 ego
513 937 632 976 ante
659 927 807 984 alias;
860 927 1010 974 iuvat
1033 924 1164 986 hoe,
1205 921 1481 978 Cerinthe,
1520 918 1669 986 quod

1052 1027 1199 1067 uror,
1635 1020 1662 1065 5

301 1109 356 1156 Si
386 1106 485 1154 tibi
523 1104 590 1152 de
626 1103 784 1152 nobis
819 1111 1042 1150 mutuus
1076 1099 1214 1164 ignis
1248 1094 1401 1145 adest.

225 1199 456 1247 Mutuus
492 1189 622 1240 adsit
652 1206 826 1248 amor,
877 1205 973 1255 per
1010 1198 1061 1234 te
1093 1183 1378 1234 dulciffima
1407 1182 1562 1241 furta,

297 1286 502 1345 Perque
531 1278 654 1328 suos
686 1278 900 1333 oculos,
947 1292 1043 1340 per
1075 1275 1412 1338 Geniumque
1445 1288 1592 1337 rogo.

225 1373 420 1433 'Magne
442 1366 602 1422 Geni,
645 1380 769 1429 cape
797 1363 936 1411 dona
957 1363 1151 1419 libens,
1189 1362 1438 1425 votisque
1467 1353 1671 1416 favet05

301 1456 355 1504 Si
379 1453 569 1511 modo,
606 1470 775 1518 quum
801 1452 867 1500 de
891 1467 978 1498 me
1002 1451 1193 1515 cogitat
1209 1486 1222 1507 ‚
1260 1449 1354 1496 ille
1377 1448 1519 1496 calet.

230 1697 314 1732 bus.
346 1697 535 1744 &Iagnum
555 1706 592 1731 et
613 1695 789 1730 omnium
810 1694 921 1730 voci-

228 1752 301 1788 bus
314 1750 544 1787 celebratum
559 1752 632 1786 erit
643 1763 785 1786 nomen
796 1761 920 1788 tuum,

230 1821 255 1844 ο
288 1808 458 1844 Phoebe.
532 1808 698 1847 Laetus,
750 1807 923 1855 quando-

231 1864 390 1912 quidem
413 1865 524 1899 sacris
542 1864 726 1911 votisque
752 1862 922 1912 gaudent

221 1920 311 1954 dii:
355 1920 416 1955 sed
440 1933 480 1956 v.
517 1919 623 1956 Obff.
663 1920 714 1954 H.
773 1919 921 1954 celeber.

230 1976 309 2012 Adi
329 1977 470 2012 Horat.
491 1977 540 2016 11,
565 1985 627 2017 12,
650 1986 712 2012 20.
743 1977 811 2011 W.

291 2052 355 2086 23.
387 2041 530 2093 debita)
550 2056 597 2078 ex
616 2053 724 2079 voto.
745 2045 796 2080 H.
828 2043 920 2081 Vid.

233 2099 338 2136 Obff.
351 2099 398 2134 ad
419 2101 448 2138 1,
471 2108 509 2142 5,
523 2109 589 2143 32.
617 2100 679 2134 De
699 2111 795 2135 voto
814 2100 918 2134 simi-

232 2155 323 2191 liter
345 2155 446 2190 dixit
467 2157 638 2204 Propert.
662 2157 712 2194 11,
738 2166 758 2189 2
772 2169 801 2194 ι,
829 2156 918 2195 60.:

232 2212 460 2248 Munera—
474 2212 599 2247 debita
619 2211 742 2247 redde.
768 2213 831 2249 W.

432 2303 642 2339 Carmen
674 2303 720 2341 V.

291 2369 463 2418 Sulpicia
501 2370 547 2405 ad
584 2369 837 2411 Cerinthum,
880 2374 921 2406 in

234 2426 344 2461 cuius
359 2427 420 2461 die
440 2425 558 2461 natali
577 2437 667 2461 vota
686 2439 757 2474 pro
779 2428 921 2463 amoris

234 2483 365 2517 mutui
396 2483 601 2518 constantia
620 2483 723 2517 facit.

297 2552 330 2573 2.
364 2538 421 2573 Ιιὶσ
447 2539 537 2573 mihi
556 2538 734 2586 sanctus)
764 2540 922 2576 honora-

235 2602 311 2629 tum
344 2595 443 2630 diem
472 2594 666 2644 Virgilius
695 2595 795 2632 dixit
827 2599 920 2633 Aen.

231 2650 276 2689 V,
300 2656 366 2699 49.

1605 1463 1670 1494 10

1513 1531 1675 1602 Quod

1047 1702 1085 1736 5.
1123 1692 1261 1727 Parcae
1296 1685 1482 1736 cecinere)
1527 1686 1608 1723 vid.
1643 1688 1673 1726 1,

991 1759 1028 1793 7,
1055 1762 1087 1785 x.
1129 1745 1409 1795 Elegantiffimi
1439 1745 1525 1780 sunt
1544 1743 1674 1779 versus

986 1804 1200 1842 molliffimi
1233 1802 1426 1837 carminis.

1044 1890 1083 1931 4.
1125 1883 1301 1918 dederunt:
1353 1893 1470 1927 regna
1517 1876 1675 1927 superba

985 1941 1079 1984 tibi)
1109 1952 1223 1987 regna
1236 1936 1407 1986 superba,
1431 1949 1470 1971 v.
1491 1937 1521 1974 Ι,
1544 1946 1580 1982 9,
1597 1940 1671 1978 *80-

985 1998 1184 2036 dederunt,
1235 1992 1311 2029 tibi
1345 1992 1547 2042 vaticinati
1576 1991 1674 2029 sunt,

986 2053 1258 2103 promiserunt.
1318 2050 1375 2084 Ita
1407 2058 1444 2083 et
1474 2047 1565 2082 alias
1587 2046 1676 2081 dare

988 2123 1058 2158 pro
1102 2108 1306 2146 destinare,
1354 2105 1529 2152 adeoque
1561 2102 1676 2137 etiam

988 2164 1228 2215 pollicendo.

1050 2244 1084 2280 6.
1115 2244 1159 2278 (ἴε
1181 2242 1284 2277 nobis
1305 2249 1451 2275 mutuus
1471 2239 1595 2286 ignis)
1631 2236 1677 2269 de

989 2301 1118 2336 nostro
1146 2299 1231 2347 igni
1262 2298 1367 2345 quasi
1398 2294 1586 2345 particula
1608 2291 1674 2326 ali·

990 2370 1077 2406 qua.
1108 2355 1200 2390 alias
1232 2354 1302 2390 ess'e
1342 2353 1499 2389 deberet
1541 2352 1579 2385 in
1609 2361 1675 2383 nos

987 2413 1053 2449 vei.
1080 2409 1203 2459 HOJZI‘I'·

1052 2492 1108 2515 10.
1141 2480 1181 2514 Si
1203 2479 1313 2514 modo
1336 2497 1389 2505 -
1412 2475 1524 2517 calet)
1545 2485 1675 2508 amore

992 2547 1210 2572 contactum
1234 2545 1271 2569 et
1292 2543 1532 2569 commotum
1562 2529 1674 2565 habet

988 2594 1161 2628 animum
1175 2618 1186 2633 ‚
1219 2591 1371 2638 quoties
1392 2588 1470 2623 mei
1488 2585 1677 2621 memoria.

986 2649 1099 2685 subit.
1143 2662 1179 2685 v.
1216 2646 1320 2683 Obss'.
1357 2646 1514 2682 Genium.
1549 2652 1676 2678 autem

1637 2709 1677 2731 in
