1752 2974
458 139 568 175 LIB.
603 136 682 173 IV.

754 134 932 170 CARM.
963 133 1039 169 XI.
1070 134 1174 170 XII.

1455 132 1536 188 269

499 246 960 295 GARMEN
1037 243 1138 288 XI.

101 325 282 393 Estne
307 341 428 395 tibi,
468 338 745 396 Cerinthe‚
795 349 913 386 tuae
938 337 1026 403 pia
1051 351 1170 383 cura
1198 335 1421 398 puellae,

174 431 321 477 Dum
358 443 471 474 mea
499 442 643 473 nunc
680 435 834 474 vexat
868 439 1088 489 corpora
1120 420 1237 469 feffa
1274 422 1447 470 calor?

99 516 184 565 Ah
215 531 311 579 ego
342 530 453 561 non
486 513 634 561 aliter
668 511 834 561 tristes
867 513 1108 560 evincere
1138 509 1351 558 morbos

177 602 441 667 Optarim‚
490 617 650 664 quam
673 610 723 648 te
746 598 787 647 [i
815 614 1029 663 quoque
1057 597 1195 646 velle
1223 607 1422 661 putem.

97 691 238 739 Nam
249 689 384 736 mihi
399 687 530 752 quid.
542 686 724 753 prosit,
744 686 959 735 morbos
972 685 1230 741 evincere,
1254 699 1422 746 quum
1433 693 1492 732 tu
1508 695 1535 741 5

175 775 367 826 Nostra
392 785 540 840 potes
562 775 706 822 lento
736 783 946 838 pectore
975 770 1113 820 ferre
1142 771 1309 819 mala?

486 927 954 972 CARMEN
1021 926 1160 971 XII.

100 1015 208 1088 Ne
234 1031 331 1079 tibi
362 1029 483 1087 sim,
523 1045 638 1076 mea
661 1029 780 1085 lux,
819 1046 985 1094 aeque
1011 1029 1117 1077 iam
1136 1024 1343 1076 fervida
1366 1041 1506 1081 cura,

100 1276 209 1315 XIX,
237 1288 270 1308 ι.
287 1271 476 1320 solllcicus
495 1283 563 1317 pro
583 1272 673 1308 vita.
721 1270 790 1305 Ait

100 1341 240 1370 autem,
271 1329 342 1364 effe
365 1326 460 1361 alios
481 1338 679 1365 amatores,
703 1326 789 1374 qui-

102 1387 174 1422 bus
195 1385 272 1434 ipsa
298 1383 407 1419 cordi
439 1382 494 1416 sit.
555 1385 630 1416 Pro
661 1381 789 1420 nobis,

102 1442 222 1476 nostri
252 1436 371 1475 eauss‘a
401 1449 437 1473 et
471 1436 582 1475 loco,
634 1435 791 1471 solliciti

101 1499 186 1532 sunt
207 1495 282 1537 illi,
315 1494 455 1543 quibus
478 1493 544 1527 illa
563 1507 646 1527 mea
670 1493 790 1526 maxi-

101 1567 163 1588 ma
187 1566 274 1588 cura
289 1578 298 1592 ‚
339 1565 383 1585 ne
400 1550 524 1583 cedam
546 1551 674 1596 ignoto
697 1559 789 1587 coro,

100 1609 141 1644 h.
168 1623 215 1644 ne
244 1606 429 1656 praeferri.
461 1606 614 1639 videam
647 1604 748 1638 mihi
770 1617 789 1637 a

102 1675 139 1700 te
159 1663 320 1711 vulgare
343 1662 531 1701 scortum,
575 1660 696 1695 dolori
717 1657 789 1707 est.-

102 1720 141 1756 h.
165 1720 235 1768 qui
256 1718 407 1757 dolent,
446 1729 508 1750 me
529 1715 699 1765 puellam
720 1728 789 1749 no-

103 1776 245 1816 bilem,
307 1786 499 1822 quamque
541 1772 614 1820 ipsi
652 1781 792 1820 petunt

104 1832 248 1872 frusu'a,
280 1841 356 1865 tam
377 1828 540 1875 indigno
563 1838 669 1865 metu
692 1838 792 1862 tene-

103 1889 160 1929 ri,
206 1901 252 1922 ne
279 1883 500 1935 posthabear
522 1898 540 1918 a
571 1895 605 1919 te
635 1885 791 1931 ignotae

102 1943 265 1992 puellae.
323 1943 374 1976 At
395 1953 433 1976 v,
466 1940 572 1977 Obss‘.
603 1941 653 1976 H.
713 1939 795 1974 Sol-

101 2001 197 2035 liciti
220 1998 311 2048 sunt
334 2010 401 2045 pro
430 1997 546 2032 nobis.
615 1995 791 2031 Constru-

104 2057 182 2091 ctio
216 2055 345 2089 eadem
377 2054 418 2087 in
448 2053 568 2088 Tacit.
597 2051 692 2086 Hist.
722 2052 789 2091 IV,

104 2119 171 2155 58.
219 2111 421 2146 Caeterum
440 2109 569 2156 recepi
589 2122 664 2142 nec,
723 2108 790 2144 Vi-

105 2167 216 2202 detur
244 2165 406 2214 gloriari
438 2164 631 2212 Sulpicia,
682 2164 713 2199 se
746 2164 791 2199 ab

104 2222 190 2257 aliis
229 2231 388 2256 amatam
423 2233 503 2255 non
540 2220 793 2269 postpositum

105 2279 156 2313 iri
184 2288 332 2326 togatae
356 2276 494 2315 alicui,
529 2289 641 2324 quam
665 2277 792 2311 verbis

106 2337 238 2381 ignoro
273 2343 354 2368 toro
393 2332 506 2382 (vid.
536 2333 605 2372 111,
638 2332 674 2372 6,
702 2331 795 2379 60.)

104 2390 306 2437 signifieat.
318 2407 370 2416 --·
382 2390 559 2424 Maxima
571 2402 663 2423 cura.
694 2388 793 2435 Apte

107 2456 330 2494 comparant
349 2446 483 2480 Horat.
505 2447 555 2485 Π,
576 2451 613 2488 8,
634 2450 671 2488 8.
702 2444 765 2479 W.

315 2536 478 2570 Carmen
508 2535 542 2568 X
554 2535 584 2570 1.

163 2615 224 2648 Ex
246 2613 344 2649 febri
364 2612 540 2648 laborans
560 2611 687 2661 puella
707 2613 793 2647 uni-

108 2681 148 2705 ce
170 2671 215 2705 de
237 2669 415 2709 Cerintbi.
434 2670 489 2703 sui
507 2681 635 2704 amore
654 2666 793 2703 sollici-

1469 1113 1543 1161 Ac

858 1279 934 1305 tam
965 1270 999 1305 se
1033 1269 1103 1304 effe
1134 1268 1197 1305 ait.
1281 1267 1343 1302 Est
1382 1262 1547 1302 suaviffi·

855 1340 964 1361 mum
1002 1326 1243 1375 poe-'matium
1280 1321 1431 1372 puellae
1464 1320 1546 1356 dnl-

857 1381 1034 1417 ciffimae.
1112 1381 1219 1427 Quid
1259 1380 1361 1415 enim
1403 1376 1547 1413 amabi-

857 1437 935 1472 lius
975 1437 1045 1473 ess‘e
1082 1437 1206 1486 potest
1248 1436 1322 1470 boc
1361 1432 1545 1481 ingenio!

858 1493 933 1528 hoc
975 1493 1111 1528 affectu
1151 1493 1194 1526 in
1244 1491 1454 1526 amantem!
1492 1504 1549 1516 --

856 1551 959 1585 Bene
981 1550 1209 1598 placideque
1232 1547 1421 1595 quiescas!

1006 1606 1187 1652 Terraque
1203 1603 1354 1652 securae
1367 1600 1422 1649 sit
1436 1599 1549 1649 super

1135 1658 1213 1708 offa
1236 1660 1351 1693 levis!

916 1737 952 1763 2.
984 1727 1101 1772 calor)
1121 1727 1169 1762 est
1190 1726 1320 1765 febfis,
1352 1725 1452 1759 dicta
1470 1726 1549 1760 Lu·

860 1784 980 1819 cretio
1003 1796 1160 1831 quoque
1179 1783 1324 1818 calida.-
1354 1791 1399 1815 ut
1419 1795 1438 1816 a
1458 1793 1557 1829 con-¹

861 1841 979 1875 tren-io
997 1838 1268 1886 effeetufrigus
1286 1837 1428 1872 dicitur
1447 1835 1550 1886 apud

859 1897 994 1930 Horat.
1017 1898 1044 1930 Ι.
1066 1898 1141 1930 Sat.
1169 1910 1202 1935 1,
1229 1901 1291 1938 80.

914 1969 952 2008 4.
985 1962 1107 2007 velle)
1138 1962 1166 1998 i.
1197 1976 1228 1997 e.
1259 1961 1364 1996 idem
1396 1972 1548 2009 cupere.

857 2020 921 2055 W.

1060 2086 1222 2122 Carmen
1250 2087 1287 2121 X
1298 2088 1313 2120 1
1323 2087 1353 2121 Ι.

915 2152 1048 2188 Puella
1078 2153 1203 2188 nescio
1234 2165 1312 2200 qno
1336 2150 1457 2185 animi
1476 2150 1557 2185 im-'

859 2221 951 2259 petu
991 2210 1145 2257 abgepta
1192 2219 1398 2243 amatorem
1442 2207 1550 2240 sunm

864 2267 1086 2302 deseruerat.
1168 2266 1270 2300 Hinc
1301 2265 1378 2298 irae
1406 2273 1440 2298 et
1471 2263 1550 2296 inr-

865 2324 927 2370 gia
957 2322 1058 2356 inter
1089 2334 1165 2358 eos.
1244 2321 1360 2356 Nunc
1403 2319 1566 2366 excusatu

861 2378 930 2413 illa
980 2379 1122 2414 amanti
1180 2376 1378 2412 stultitiam
1432 2375 1547 2408 suam.

860 2435 987 2469 Etiam
1020 2434 1063 2468 hi
1102 2432 1281 2470 versiculi
1320 2431 1362 2465 in
1400 2429 1564 2465 tabellis'

863 2490 997 2525 ceratis
1042 2489 1243 2540 pexscripti
1283 2488 1328 2522 ad
1367 2487 1564 2522 iuvenem'

860 2546 957 2580 miffi
989 2546 1058 2582 esse
1096 2546 1292 2581 videntur.
1547 2555 1550 2559 ’

924 2615 1048 2649 1.Ne
1077 2610 1236 2659 tibisim
1266 2604 1348 2662 —)
1381 2608 1428 2644 est
1454 2609 1494 2644 h.
1523 2608 1550 2646 1.

861 2668 957 2705 affev
963 2668 1194 2706 e1·antis.ita
1215 2679 1295 2702 non
1318 2677 1394 2702 tam
1416 2666 1550 2701 euden-

1492 2733 1550 2758 ter
