1752 2974
502 85 581 121 ET
620 84 1062 124 CORRIGENDA.
1476 86 1501 128 5

63 195 112 232 ad
161 193 394 246 singulorum
448 198 660 234 carminum
710 196 827 233 finem
875 197 1078 233 numerati.
1155 196 1493 247 Distinctionibus,

61 272 326 313 praeterquam
365 273 533 314 puncto,
582 273 618 300 et
656 277 934 312 nonnunquam
976 265 1153 313 punctis,
1204 278 1303 314 quae
1339 276 1489 312 vocant,

59 331 396 380 interrogationis,
449 345 528 369 non
571 332 690 368 utitur
727 331 922 369 librarius.
963 352 1019 361 —--
1075 334 1119 368 In
1153 332 1279 369 fronte
1308 331 1399 368 haec
1430 334 1490 370 le·-

60 407 223 446 guntur:
273 401 391 437 codex
420 409 569 449 emptus
600 400 743 436 Romae
774 413 808 435 a.
844 401 962 449 1703.
992 422 1049 429 —-
1088 400 1204 437 Ducit
1236 413 1304 436 nos
1334 399 1408 436 hoc
1438 401 1487 437 ad

59 465 231 502 Italicam
261 467 374 503 huius
404 467 546 503 codicis
577 468 789 516 originmn,
837 469 943 504 cuius
975 469 1047 504 alia
1080 469 1194 504 etiam
1227 466 1383 517 vestigia
1415 468 1486 505 de.-

55 533 366 581 prchenduntur.
416 535 498 570 Csr.
532 535 570 570 in
599 549 679 572 var.
713 535 814 572 lectt.
846 536 895 571 ad
923 537 955 581 J,
993 548 1025 579 1,
1058 536 1123 573 4ss.
1183 535 1384 572 Caeterum
1413 536 1482 574 cfr.

12 601 19 605 i
56 601 227 653 Catalog.
258 601 355 638 bibl.
387 603 479 651 ch.
512 604 552 637 P.
583 604 653 638 ΙΙΙ.
684 604 728 639 Τ.
762 603 829 641 IV.
862 617 902 652 p.
932 603 1028 640 418.
1059 622 1115 630 -—-·-

164 737 273 785 Pag.
306 737 508 782 ΧΧᾸἹῘ,
541 737 580 774 4.
611 750 650 774 α.
672 737 717 786 J.
773 737 961 774 Codicum
992 739 1031 773 in
1065 737 1274 774 Germania
1308 737 1480 787 plurium

51 801 276 840 collationes
309 804 482 841 adhibuit
506 806 561 842 Io.
584 805 740 842 Henric.
760 803 935 849 Voffius,
969 820 1062 855 quos
1093 804 1264 842 recenset
1294 805 1332 841 in
1364 819 1482 855 prae-

44 871 116 907 lat.
148 885 234 921 pag.
265 873 445 910 XXVIII.
481 871 585 921 seqq.
617 871 823 918 editionis,
873 887 969 921 quae
1000 888 1034 910 a.
1073 873 1192 911 1811.
1223 874 1371 923 prodiit
1406 873 1478 909 sub

49 939 186 976 titulo:
234 939 374 976 Albius
406 940 586 977 Tibullus
624 930 705 976 und
746 940 986 990 Lygdamus,
1041 941 1140 977 nach
1176 938 1480 977 Handschriften

47 1005 277 1056 berichtiget
307 1022 384 1045 von
415 1008 502 1043 Joh.
535 1009 667 1046 Heinr.
698 1005 810 1045 Voss.
880 1009 1113 1059 Heidelberg
1149 1009 1211 1046 bei
1247 1008 1358 1044 Molir
1398 1008 1479 1045 und

47 1075 228 1113 Zimmer‚
265 1077 383 1113 1811.
416 1077 452 1113 8.
512 1077 609 1112 Sunt
637 1077 686 1112 ii:
716 1074 965 1121 Monacensis,
989 1077 1261 1126 ‘intelligenter
1292 1074 1477 1125 scriptus3

44 1141 346 1192 Bongarfianus3
385 1141 697 1180 Vindobonenfis
725 1142 824 1178 bibl.
857 1141 1088 1189 Caesareae,
1121 1144 1363 1188 chartaceus,
1397 1144 1480 1179 sor-

0 1233 1 1256 1
46 1224 104 1246 ma
136 1210 185 1247 40
224 1211 347 1247 nitide
379 1208 618 1259 descriptus;
668 1209 947 1254 Askewianus,
998 1224 1108 1259 quem
1139 1224 1183 1246 ex
1212 1210 1381 1247 Askewii
1414 1211 1480 1246 bi-

0 1260 2 1318 l
45 1277 238 1315 bliotheca
279 1278 371 1315 emit
414 1286 526 1328 poeta
561 1278 790 1314 Laurentius
837 1278 885 1314 de
925 1278 1092 1323 Santen,
1149 1277 1253 1314 unde
1292 1278 1397 1315 venit
1435 1279 1478 1315 in

0 1335 1 1342 ἵ
42 1344 311 1396 poffesfionem
347 1347 424 1384 viri
461 1344 598 1382 illustr.
639 1345 686 1381 de
728 1345 845 1393 Diez;
894 1345 1061 1382 Voffiani
1101 1346 1290 1395 quinque,
1343 1346 1408 1395 qui
1434 1347 1476 1383 in

46 1414 142 1450 bibl.
173 1415 537 1464 Lugduno-Batav.
571 1410 821 1449 asservantur.
863 1427 900 1450 v.
926 1415 1059 1463 I‘Ieyne
1089 1427 1129 1462 p.
1158 1413 1279 1448 XXX.
1318 1413 1475 1449 Codicis

45 1496 135 1518 vero
170 1479 488 1531 Hamburgensts,
540 1479 663 1516 nitide
694 1481 734 1516 in
767 1481 1012 1527 membrana,
1055 1479 1251 1524 Gothani,
1295 1479 1474 1530 imperite

46 1549 88 1585 in
127 1549 259 1587 charta
298 1549 464 1596 exarati,
515 1549 748 1586 accuratiore
787 1547 1058 1585 VVnuderlich.
1099 1545 1188 1583 usus
1228 1554 1309 1582 erat
1351 1547 1474 1583 colla-

45 1616 163 1654 tione.
203 1637 260 1647 -
317 1618 423 1654 Idem
463 1617 577 1653 etiam
619 1615 862 1652 collationem
905 1616 1068 1653 duarum
1109 1614 1283 1651 codicum
1322 1615 1475 1651 Zwica-

45 1683 226 1721 vienfium
256 1684 407 1722 saeculo
438 1684 586 1721 decimo
616 1684 750 1734 quinto
780 1681 1023 1734 scriptorum,
1054 1697 1074 1719 a
1100 1682 1220 1719 celeb.
1255 1682 1474 1719 Goerenzio

44 1749 213 1804 benigne
243 1753 433 1800 oblatam,
467 1752 707 1790 adhibuerat.
765 1751 859 1790 Vid.
894 1752 1054 1802 praefat.
1085 1763 1173 1801 pag.
1201 1750 1253 1790 V.

161 1890 269 1938 Pag.
300 1888 396 1934 XL,
431 1900 493 1925 11.
537 1889 595 1925 Ex
623 1886 882 1933 editionibus,
913 1886 1054 1936 quibus
1076 1886 1248 1924 virorum
1270 1883 1472 1922 doctorum

47 1965 159 1995 notae
191 1955 417 2005 'adscriptae
457 1953 566 2002 sunt,
611 1963 763 2007 praeter
793 1967 878 2000 eas,
923 1967 1014 2003 quas
1049 1953 1222 2005 Heynius
1259 1960 1472 1998 enumerat,

47 2024 119 2061 hae
157 2024 271 2061 nobis
308 2023 574 2061 innotuerunt.
640 2025 687 2059 In
716 2021 791 2060 viri
822 2021 879 2058 ill.
912 2020 958 2058 de
987 2022 1080 2058 Diez
1110 2021 1234 2071 copiis
1265 2028 1472 2070 apparatus

48 2092 206 2129 criticus
235 2099 317 2128 erat
347 2091 386 2127 in
418 2091 640 2137 Tibullum,
680 2090 941 2139 editionesque
972 2091 1228 2127 Santonianac
1258 2087 1474 2125 bibliothe-

50 2173 137 2206 cae,
190 2160 331 2209 quibus
361 2158 503 2195 Heinfii
532 2156 832 2208 Broukhufiique
863 2171 979 2194 manu
1009 2155 1222 2209 adscriptae
1252 2165 1361 2192 erant
1398 2156 1473 2192 ob—

50 2225 282 2264 servationes
313 2235 349 2264 et
381 2227 692 2273 emendationes,
725 2226 865 2276 quibus
894 2228 1030 2262 Ioann.
1058 2226 1216 2262 Henric.
1247 2221 1400 2261 Vosfius
1430 2223 1472 2260 in

50 2294 220 2331 editione
251 2293 342 2340 sua,
389 2295 501 2345 supra
532 2309 552 2331 a
584 2295 697 2332 nobis
727 2302 955 2340 memorata,
1005 2290 1096 2330 usus
1124 2291 1191 2330 est.
1261 2292 1474 2328 Continent

51 2370 176 2399 autem
204 2371 357 2413 praeter
380 2376 435 2408 ea,
467 2377 562 2412 quae
592 2361 681 2399 sunt
710 2362 882 2412 evulgata
906 2361 953 2398 ab
984 2359 1086 2411 ipsls,
1116 2359 1217 2396 nihil
1247 2359 1471 2409 quidquam,

52 2430 158 2467 cuius
189 2428 234 2467 fit
266 2429 422 2479 aliquod
452 2431 632 2480 pretium.
663 2451 714 2459 -—
770 2430 875 2466 Idem
905 2431 960 2465 Io.
991 2429 1147 2466 Henric.
1180 2424 1332 2465 Vosfius
1365 2427 1475 2477 Gry-

51 2497 234 2547 phianam
264 2498 440 2535 adhibuit
467 2498 674 2534 editionem
704 2512 738 2535 a.
767 2496 883 2535 1561.
915 2509 1000 2532 cum
1028 2497 1145 2533 variis
1172 2495 1406 2531 lectionibus
1428 2507 1475 2531 ex

55 2565 167 2605 codd.
197 2575 236 2604 et
263 2575 354 2604 vett.
387 2566 495 2603 editt.
528 2579 564 2603 v.
594 2579 681 2617 pag.
708 2565 828 2603 XXV.
858 2565 1016 2616 praefat.
1048 2563 1096 2601 ad
1123 2563 1215 2601 edit.
1245 2562 1390 2600 laudat.
1419 2580 1476 2590 —-

1355 2629 1482 2666 Deni-
