1752 2974
186 115 270 161 ⁸7⁰

601 96 603 98 ’
657 97 835 145 'amm
873 107 1132 149 TIBvLm

265 223 374 270 Iam
401 221 499 271 tibi
528 220 801 287 praedico,
849 223 1063 272 barbare
1096 229 1304 284 Turne,
1353 242 1549 277 necem.

186 308 321 359 Ante
338 309 521 358 oculos
531 313 764 358 Laurens
779 308 1015 369 castrum,
1029 330 1320 378 murusque
1335 315 1527 363 LavinI
1540 313 1628 372 est,

263 397 500 461 Albaque
530 396 591 443 ab
619 393 837 445 Ascanio
869 398 1078 447 condita
1104 403 1287 465 Longa
1321 401 1469 450 duce.
1556 415 1627 459 50

185 488 264 535 Te
293 500 510 549 quoque
538 484 644 533 iam
667 482 860 542 video,
899 487 1062 535 Marti
1094 487 1346 553 placitura
1376 487 1628 546 sacerdos,

183 680 329 721 fabulas
353 686 466 720 etiam
489 683 658 733 aliquam
683 685 872 722 narratio-

182 755 273 777 nem
308 742 354 777 de
379 740 502 776 castris
524 742 650 776 Turni
679 742 723 777 ab
745 744 870 776 Aenea

182 798 306 846 captis
327 808 363 833 et
388 797 574 837 incensis,
606 798 674 833 etsi
701 812 719 832 a
739 798 870 846 Virgi-

180 852 240 888 lio
263 854 519 902 praeteritam.
576 855 677 890 Nam
699 856 871 890 Lauren-

180 919 267 944 tum
289 909 334 945 ab
357 910 481 944 Aenea
509 922 775 959 oppugnatum
799 911 870 945 vix

181 964 262 1000 huc
295 966 396 1000 trahi
428 966 567 1014 potest,
608 967 675 1001 etsi
705 980 804 1001 unus
829 967 869 1000 in

181 1022 277 1057 Aen.
299 1023 387 1061 X11,
413 1021 504 1070 596.
535 1023 666 1058 versus
690 1035 734 1058 eo
757 1035 870 1058 revo-

180 1078 260 1111 cari
287 1078 421 1125 poffit:

264 1134 412 1182 Regina
448 1144 490 1169 ut
527 1137 631 1170 tectis
665 1137 869 1171 venientem

461 1190 641 1239 prospicit
665 1192 710 1226 ho
729 1199 813 1231 tem,

267 1245 394 1296 Inceffi
416 1260 559 1287 muros,
584 1249 681 1295 ignis
700 1248 748 1282 ad
774 1255 869 1283 tecta

464 1304 605 1339 volare.

181 1359 256 1395 Sed
286 1372 345 1394 res
376 1359 434 1394 ibi
462 1360 507 1394 ad
540 1370 726 1394 terrorem
748 1368 868 1397 aucta,

179 1429 229 1455 ex
254 1427 322 1454 eo,
351 1415 455 1462 quod
479 1416 604 1449 metui
622 1426 785 1462 poterat.
817 1415 867 1448 H.

179 1470 364 1507 Tibullus
377 1470 507 1505 videri
527 1471 650 1519 potest
668 1469 870 1519 respexiss‘e

178 1528 223 1564 ad
277 1526 528 1568 incendium,
588 1540 668 1575 quo
711 1528 870 1562 Turnus

176 1584 328 1620 claffem
341 1583 602 1619 Troianorum
625 1596 787 1618 exurere
806 1594 871 1629 pa-

177 1641 306 1680 rabat,
351 1639 396 1674 de
419 1652 498 1687 quo
521 1639 661 1687 Virgil.
685 1640 779 1675 Aen.
802 1638 868 1676 IX,

180 1698 245 1745 69.
277 1697 351 1744 seq.
438 1696 613 1731 Incendia
642 1696 767 1743 igitur
793 1690 866 1743 pro

176 1753 336 1791 facibus,
368 1762 411 1787 ut
428 1752 570 1799 Virgil.
594 1753 687 1787 Aen.
708 1753 775 1791 IX,
802 1761 866 1793 71.

178 1810 299 1845 Ovid.
326 1809 418 1843 Met.
442 1809 544 1849 XIV,
579 1816 672 1855 539.
735 1806 868 1854 Castris

175 1879 234 1915 pr.
260 1865 298 1899 in
323 1864 461 1899 casn-is.
523 1866 645 1911 Quam
669 1875 754 1913 apte
779 1864 866 1912 qui·

176 1923 265 1956 dem
298 1920 434 1955 deinde
457 1922 611 1957 'rm-nus
634 1922 757 1956 caesus
788 1934 867 1955 me-

174 1988 373 2029 moretur,
399 1976 509 2012 facile
531 1988 698 2024 apparet.
728 1978 794 2011 W.

235 2040 300 2078 48.
332 2032 484 2068 barbare
508 2034 644 2075 Turne)
664 2033 867 2069 Barbarum

174 2091 246 2126 effe
268 2089 306 2124 h.
329 2088 353 2122 l.
376 2089 536 2130 Italum,
577 2090 781 2130 Latinum,
824 2101 867 2126 ut

173 2146 371 2181 interdum
400 2146 499 2193 apud
534 2145 732 2188 Plautum,
783 2146 866 2194 post

173 2202 339 2237 Statium
389 2202 555 2237 statuunt
601 2202 777 2238 Broukh.
829 2213 866 2238 et

172 2257 292 2306 Vulp.
351 2258 467 2306 Apud
497 2256 608 2293 istum
639 2268 765 2296 tamen
792 2258 866 2293 alia

170 2327 231 2350 res
266 2314 334 2354 est,
388 2327 474 2349 cum
511 2316 761 2350 Graecanicae
794 2315 867 2351 sint

168 2371 257 2406 istae
270 2370 440 2419 fibulae,
472 2382 508 2406 et
527 2372 663 2407 Graeci
682 2370 867 2407 inducan-

166 2437 234 2463 tur
274 2426 490 2475 loquentes.
557 2429 642 2476 Ego
682 2426 863 2476 intelligo

167 2482 380 2524 crudelem,
406 2484 586 2525 ferocem,
608 2485 773 2522 saevum,
795 2497 860 2518 au-

168 2539 313 2581 dacem,
347 2551 390 2575 ut
410 2541 513 2588 saepe
535 2540 707 2589 Virgilio
737 2540 858 2576 audit.

167 2595 223 2630 Ita
245 2606 282 2631 et
311 2594 352 2631 in
378 2596 494 2632 Ovid.
518 2597 624 2634 XIV.
650 2598 743 2633 Met.
765 2602 858 2644 574.

169 2650 366 2691 barbarum
384 2654 506 2701 ignem
523 2653 695 2703 accipere
712 2651 859 2693 malim,

1518 578 1630 634 Ilia,

941 697 1055 734 quam
1109 701 1196 724 cum
1247 690 1525 739 luten-pretibus
1571 700 1629 726 tot

940 742 1182 781 difficultates
1211 758 1403 793 movere„

993 828 1058 868 (59.
1089 824 1257 860 Laurens
1290 821 1476 875 castrum)
1527 826 1628 862 sedes

938 880 1043 926 regia
1074 881 1225 921 Latini,
1277 892 1373 928 quae
1413 880 1532 916 modo
1571 895 1628 915 ea-

937 933 1075 976 strum,
1114 936 1234 972 modo
1262 949 1330 971 arx
1354 938 1546 975 Laurens,
1586 950 1629 974 ut

938 991 1031 1026 Aen.
1045 993 1150 1031 Vm,
1170 1006 1202 1026 ι.
1222 992 1341 1028 modo
1362 993 1457 1034 urbs,
1479 1004 1521 1028 ut
1533 994 1628 1028 Aen.

938 1048 1024 1085 VII,
1076 1048 1168 1091 362.
1219 1048 1377 1085 nomine
1427 1051 1630 1086 communi

935 1103 1162 1139 Laurentum
1175 1104 1399 1155 appellatur.
1414 1120 1449 1140 v.
1465 1109 1569 1141 Serv.
1583 1108 1629 1143 ad

938 1172 968 1193 e.
987 1160 1013 1195 l.
1044 1160 1209 1209 Vulpius
1231 1162 1418 1210 oppidum
1438 1163 1482 1198 ab
1503 1165 1629 1198 Aenea

937 1216 1082 1251 escensu
1104 1218 1143 1251 iu
1167 1218 1281 1253 Latio
1302 1219 1400 1252 facto
1431 1218 1628 1255 munitum

934 1271 1198 1321 intelligebat,
1248 1285 1290 1309 ut
1327 1273 1416 1309 essct
1453 1271 1628 1323 Castrum,

937 1327 982 1362 de
1001 1342 1077 1376 quo
1097 1328 1288 1377 Virgilius
1310 1331 1402 1366 Aen,
1424 1332 1510 1371 VII,
1538 1340 1627 1377 ¹58·

941 1391 1030 1430 159.
1065 1383 1265 1431 loquitur,
1301 1387 1413 1422 Troia
1436 1395 1531 1423 vero
1557 1401 1627 1424 no-

936 1439 1041 1475 mine
1063 1440 1232 1480 dictum;
1258 1440 1364 1488 quod
1385 1443 1451 1477 etsi
1468 1443 1626 1480 firmare

935 1494 1071 1545 possim
1111 1495 1189 1531 alio
1230 1496 1391 1545 Virgilii
1436 1500 1629 1548 exemplo,

937 1551 1007 1599 qui
1039 1551 1128 1588 libr.
1152 1553 1202 1593 X,
1231 1551 1323 1596 635.
1357 1554 1514 1590 eandem
1542 1557 1628 1594 No-

934 1620 1024 1643 vam
1060 1609 1219 1645 Troiam
1254 1610 1462 1646 Laurentia
1499 1609 1629 1661 Castra

936 1663 1165 1712 appellavit3
1197 1679 1275 1701 non
1300 1677 1426 1704 tamen
1445 1669 1626 1704 aeceden-

936 1721 1029 1756 dum
1056 1732 1174 1770 puto:
1222 1723 1536 1771 quandoquidem
1568 1738 1628 1760 ce-

934 1776 1082 1813 lebrius
1101 1791 1243 1814 nomen
1265 1780 1314 1814 est
1332 1778 1492 1817 alterum
1515 1781 1626 1830 oppi-

937 1834 1051 1873 dum,
1094 1835 1227 1870 Latini
1256 1836 1374 1884 regia.
1443 1837 1543 1874 Vide
1578 1837 1626 1874 de

936 1889 998 1924 his
1029 1889 1126 1927 locis
1154 1893 1250 1927 Exc.
1283 1894 1353 1927 ΙΙΙ.
1378 1893 1424 1928 ad
1445 1892 1515 1928 lib.
1538 1893 1624 1931 VII.

934 1948 1029 1982 Aen.
1060 1947 1113 1981 II.
1189 1950 1295 1982 Ioan.
1325 1949 1442 1984 Henr.
1473 1949 1625 1986 Voffius

935 2003 981 2037 ad
1003 2002 1108 2040 hunc
1130 2002 1260 2038 locum
1283 2004 1424 2044 scribit,
1455 2005 1624 2045 Laurens

932 2056 1086 2108 castrum
1134 2059 1205 2094 effe
1250 2061 1462 2097 Laurentia
1508 2059 1624 2110 cufim

933 2114 1117 2163 Virgilii,
1167 2116 1263 2152 Aen.
1289 2117 1338 2156 X.
1371 2117 1464 2161 655,
1496 2131 1624 2167 neque

933 2182 1036 2207 recte
1072 2170 1245 2219 intelligi
1281 2172 1418 2208 urbem
1450 2175 1621 2210 Lauren·

933 2238 1030 2265 tum.
1059 2229 1230 2264 Laurens
1251 2229 1409 2266 castrum
1431 2229 1623 2267 honestio-

932 2297 973 2319 re
1014 2283 1210 2322 vocabulo
1244 2284 1368 2320 urbem
1398 2296 1500 2322 recte
1540 2286 1622 2323 dici

931 2341 1098 2388 potuiffe
1131 2354 1150 2376 a
1171 2340 1314 2389 virgil.
1346 2341 1440 2377 Aen.
1471 2344 1536 2382 IX,
1555 2347 1618 2387 8.;

931 2395 994 2431 sed
1015 2397 1144 2437 minus
1167 2408 1252 2446 apte
1273 2396 1477 2434 Tibullum
1496 2398 1620 2435 urhem

932 2450 1140 2504 dicturum}
1157 2452 1268 2490 fuiss'e
1297 2453 1468 2492 castrum.
1496 2456 1564 2493 W.

986 2543 1072 2579 eod.
1111 2557 1303 2594 murusque
1347 2545 1494 2582 Lavr'nl
1541 2543 1618 2593 esi)

927 2600 1127 2635 Lavinium
1146 2601 1187 2636 in
1207 2600 1398 2635 honorem
1417 2602 1616 2643 Laviniae,

928 2656 1119 2706 coniugis,
1157 2657 1204 2693 ab
1226 2657 1350 2692 Aenea
1373 2658 1588 2695 conditum.
