1752 2974
535 116 738 157 LIB.1.
796 111 1086 154 ELEG.1.-
1496 124 1527 168 9

155 237 462 294 Desertum,
502 235 664 284 oblita
684 242 874 289 matre,
913 228 1107 280 referre
1133 227 1374 278 domum.
1418 227 1420 229 ’

81 329 150 378 At
180 344 279 376 vos
311 321 738 390 exiguo'pecori,
776 318 1027 384 furesque
1043 318 1293 382 lupique,
1324 348 1347 356 ,π
1406 334 1412 354 1

157 414 388 470 Parcite3
424 410 490 458 de
524 425 715 473 magno
747 406 820 455 est
852 406 1042 472 praeda
1064 400 1293 472 petenda
1315 418 1485 468 grege.
1525 401 1541 407 ”

82 504 182 552 Hic
203 519 299 566 ego
322 496 688 565 pastoremque
703 512 883 544 meum
898 494 1114 542 lustrare
1128 491 1412 557 quotannis
1455 497 1523 549 55

157 593 222 637 Et
239 585 501 654 placidam
526 582 669 633 soleo
695 582 932 650 spargere
956 583 1087 629 lacte
1110 581 1284 628 Palen.

84 676 273 732 Allius,
312 673 451 731 divi,
489 689 599 721 neu
628 689 726 721 vos
759 671 824 719 de
859 685 1094 737 paupere
1125 665 1302 716 mensa

160 767 342 821 Dona,
380 777 478 810 nec
507 777 536 808 e
570 761 719 827 puris
738 758 966 827 spernite
987 754 1252 805 fictilibus.

144 994 210 1030 35.
243 986 374 1032 exiguo
407 984 558 1031 pecori)
595 981 636 1017 h.
667 983 694 1018 1.
732 985 779 1019 ad

85 1055 293 1079 :numerum
336 1042 474 1088 spectat
510 1051 590 1072 vox
623 1042 781 1087 exiguo,-

86 1112 160 1148 pro
182 1099 323 1144 exiguo
335 1107 449 1143 grege
463 1093 575 1130 dixit.
589 1096 638 1129 I-I.
669 1108 779 1143 pecus

87 1155 276 1189 nimirum
296 1162 332 1186 et
351 1161 558 1186 numerum
581 1151 777 1198 pecudum

87 1208 283 1257 significat.
343 1207 446 1241 Hinc
466 1205 607 1241 Livius
622 1216 686 1251 27,
711 1218 777 1251 52.

88 1267 249 1301 Fuerunt:
272 1285 327 1291 —
350 1263 491 1310 pecoris
526 1266 643 1297 omnis
670 1277 780 1311 gene-

89 1323 140 1357 ris
158 1321 208 1355 ad
229 1322 347 1355 millia
362 1321 510 1366 viginti.
570 1321 615 1353 In
648 1320 780 1355 verbis

90 1378 136 1412 de
163 1395 217 1403 -—
246 1391 358 1424 grege
404 1375 685 1423 praepositione
737 1377 783 1411 de

89 1444 237 1482 partem
258 1434 389 1468 *totius
418 1433 517 1466 sumi
537 1431 785 1479 fignificatur.

90 1489 179 1525 Liv.
231 1498 306 1532 27,
360 1502 394 1522 ι.
468 1488 697 1522 fissan-oneum,
751 1495 787 1521 et:

93 1546 222 1582 Meles
261 1544 306 1578 de
336 1544 560 1579 Samnitibus
607 1545 646 1578 vi
678 1545 785 1589 cepit,-

94 1602 143 1637 cf.
164 1603 203 1639 I,
228 1599 276 1640 6,
303 1606 368 1643 80.
429 1601 533 1634 Hinc
555 1599 656 1647 apud
677 1599 784 1633 Cice-

94 1669 232 1692 ronem
276 1657 440 1703 excipere
479 1656 536 1691 de.
607 1654 710 1694 Vide
750 1664 787 1689 et

92 1712 183 1748 infr.
210 1722 273 1756 4ο.
303 1712 368 1748 W'.

155 1835 218 1870 55.
271 1821 522 1874 pastoremque
574 1838 692 1872 meum
735 1824 790 1858 lu-

86 1882 236 1933 strare)
279 1896 318 1917 v.
351 1883 410 1921 II,
455 1881 516 1915 El.
551 1875 593 1924 5,
627 1886 692 1925 87.
741 1880 789 1914 cf.

99 1939 218 1976 Ovid.
251 1937 339 1973 Fast.
360 1939 436 1978 IV,
458 1947 552 1979 727.
574 1939 654 1985 sqq.
686 1937 790 1971 unde

99 1994 319 2044 apparebit,
349 1994 394 2029 ad
424 1993 558 2029 Palilia
594 1993 688 2028 haec
719 1992 790 2027 effe

97 2051 310 2103 referenda.
341 2050 454 2086 Conf.
476 2051 596 2085 modo
622 2049 722 2084 dieta
745 2048 796 2082 ad·

100 2121 140 2143 v.
174 2116 237 2150 23.
303 2107 362 2141 Ad
390 2105 626 2154 religionem
654 2113 792 2153 poetae

100 2163 178 2198 hoc
198 2176 354 2211 quoque
368 2163 626 2210 fragmentum
640 2162 791 2209 spectat.

101 2221 154 2255 H.
212 2220 306 2254 Non
327 2218 570 2254 tranfiliendo
594 2217 714 2253 [olum
736 2229 793 2251 ar·

105 2275 236 2311 dentes
267 2273 424 2322 stipulae
446 2288 628 2315 acervos,
673 2273 792 2308 ovid.

103 2331 193 2367 Fast.
217 2332 292 2371 IV.
316 2337 407 2374 781.
422 2357 432 2371 ,
463 2331 523 2366 sed
546 2331 656 2366 sacris
679 2330 795 2364 etiam

106 2383 219 2424 factis‘
237 2386 426 2422 Palilibus
458 2385 522 2434 (d.
544 2387 651 2422 XXI.
671 2383 796 2434 Apr.)

106 2444 293 2493 pastorem
324 2442 473 2478 lustrari
499 2443 689 2478 creditum
711 2440 794 2481 effe,

108 2500 223 2535 docet
248 2500 353 2535 idem
386 2499 477 2535 Fast.
512 2501 589 2541 IV,
620 2504 713 2541 747.
741 2515 797 2525 -·

111 2553 282 2604 Copulae
302 2555 498 2605 que—Et
517 2555 595 2591 duo
617 2554 663 2588 ad
682 2566 798 2589 unam

112 2618 193 2647 rem
246 2613 549 2649 describendam·
568 2610 800 2660 pertinentia

114 2669 283 2718 iungunt
297 2682 318 2711 ,·
350 2680 394 2705 ut
417 2671 456 2711 I,
481 2678 529 2713 5,
554 2675 620 2713 25.
663 2673 710 2710 5»
737 2670 801 2713 54·

1378 840 1537 892 Ficti-

849 994 895 1030 9,
922 981 986 1029 69.
1043 982 1105 1016 De
1132 976 1284 1027 copulis
1307 990 1376 1027 que
1394 995 1451 1003 —-
1473 988 1541 1023 que

846 1039 927 1073 vid.
951 1038 1056 1072 Obff.
1079 1037 1125 1070 ad
1145 1039 1186 1076 Ι,
1217 1045 1263 1074 2,
1289 1043 1354 1080 29.
1385 1034 1452 1067 W.

906 1093 971 1136 56.
1004 1092 1183 1140 spargere
1213 1091 1333 1133 lacte)
1392 1088 1540 1126 Viden-

847 1161 910 1185 tur
943 1148 1037 1183 adeo
1071 1159 1151 1181 non
1180 1145 1300 1179 modo
1331 1145 1415 1179 vasa
1443 1143 1543 1178 lacte

846 1206 960 1255 plena
1011 1204 1179 1252 appofita
1218 1199 1349 1241 fuiffe,
1402 1199 1462 1234 sed
1505 1209 1564 1233 et.

847 1263 944 1297 lacte
989 1259 1204 1307 adspersum
1249 1255 1338 1291 deae
1378 1256 1543 1302 lignum.

849 1318 932 1355 Nifi
969 1324 1085 1365 poeta
1124 1313 1356 1349 libationem
1397 1312 1440 1345 in
1482 1323 1545 1345 ara.

852 1374 992 1410 factam
1025 1370 1215 1410 decla1·at;

854 1430 1034 1465 arbitror.

914 1492 979 1528 58.
1010 1497 1030 1518 e
1057 1485 1161 1530 puris
1179 1479 1452 1528 —fictilibus)
1481 1475 1552 1514 In-³

855 1541 1000 1588 telligit
1029 1538 1211 1587 patellas,
1245 1537 1387 1585 quibus
1418 1536 1547 1583 impo-

854 1600 940 1632 sitae
981 1596 1111 1642 fruges
1153 1593 1415 1629 offerebantur
1452 1591 1548 1627 diis.

854 1653 994 1689 Trahit
1023 1661 1152 1686 autem
1182 1650 1229 1685 ad
1262 1647 1550 1696 simplicitatem

854 1710 959 1746 vitae
999 1707 1038 1742 h.
1070 1706 1096 1741 l.
1131 1717 1169 1741 et
1196 1713 1462 1754 paupertatem
1492 1703 1551 1744 id,

857 1765 966 1814 quod
991 1764 1033 1798 in
1061 1763 1174 1798 sacris
1201 1761 1361 1796 omnino
1381 1772 1467 1795 mos
1490 1773 1552 1794 re-

1269 1368 1377 1417 quod
1404 1379 1547 1403 verum

858 1823 1048 1861 tinuerat,
1081 1819 1195 1854 etiam
1212 1817 1414 1867 postquam
1434 1815 1552 1850 luxus

856 1891 980 1926 remp.
1012 1875 1247 1925 perdiderat.
1306 1874 1403 1919 ,Qua
1433 1871 1480 1906 de
1509 1883 1553 1906 re

856 1932 987 1984 passim
1015 1932 1096 1967 viri
1127 1930 1245 1967 docti
1266 1942 1388 1977 egere.
1425 1927 1472 1962 cf.
1505 1926 1553 1961 ad

857 1991 896 2026 11.
918 1990 946 2024 l.
969 1988 1111 2024 Statius
1133 1998 1170 2022 et
1186 1985 1364 2022 Broukh.
1422 1984 1555 2018 Locus

859 2046 1028 2082 classicus
1089 2054 1168 2078 erat
1219 2041 1342 2077 Plinii
1389 2040 1555 2078 XXXV,

858 2104 883 2139 l‘.
916 2102 982 2148 46.
1014 2099 1085 2136 ubi
1119 2099 1222 2134 inter
1255 2097 1346 2132 alia:
1380 2098 1423 2132 In
1437 2094 1556 2144 sacris

861 2159 1007 2208 quidem
1039 2157 1171 2192 etiam
1219 2150 1316 2189 ⁸inter
1361 2154 1428 2187 has
1466 2162 1556 2198 opes

862 2216 973 2251 hodie
1010 2232 1065 2240 —-
1098 2210 1279 2260 fictilibus
1325 2208 1556 2259 praelibatur

852 2271 1061 2323 fimpuviis.
1123 2267 1203 2316 (Et
1230 2264 1427 2301 Iuvenalis
1459 2274 1554 2298 tem-

862 2327 1026 2377 poribus
1058 2324 1191 2361 fictilia
1216 2323 1259 2358 in
1279 2322 1390 2357 sacris
1410 2328 1559 2355 retenta.

864 2384 948 2424 effe,
961 2381 1123 2418 ostendit
1134 2383 1208 2416 Sat.
1219 2380 1287 2418 VI,
1301 2383 1378 2423 342
1390 2396 1403 2402 -
1416 2383 1451 2418 5.
1471 2375 1558 2418 W.)

862 2441 924 2476 De
956 2436 1210 2487 simplicitatis
1242 2432 1390 2471 vetusto
1413 2431 1494 2465 ritu
1513 2430 1557 2465 in

863 2494 976 2531 sacris
1016 2494 1178 2530 omnino
1219 2492 1366 2526 servato
1394 2500 1432 2522 v.
1463 2488 1557 2521 Por-

864 2552 981 2602 phyr.
1003 2550 1049 2586 de
1069 2549 1286 2585 Abstinent.
1311 2544 1380 2579 lib.
1403 2544 1443 2577 11
1458 2568 1468 2582 ,
1495 2550 1558 2584 17-

872 2615 935 2651 ¹8·
996 2608 1094 2642 Pura
1114 2615 1252 2640 ornans
1276 2600 1324 2637 est
1343 2598 1561 2648 epitheton,

870 2675 998 2701 tamen
1017 2663 1058 2702 h.
1081 2661 1107 2699 l.
1127 2674 1146 2697 a
1166 2657 1359 2707 religione
1382 2654 1559 2695 ductum.

1462 2723 1562 2760 quae
