1752 2974
146 87 228 130 250
621 90 791 131 ALBII
830 91 1094 130 TIBVLLI

316 487 789 533 SVLPICIAE
848 488 950 533 ET
1007 488 1427 534 ALIORVM

649 555 1094 600 ELEGIDIA.
1168 579 1184 583 -

196 677 425 724 Sequuntur
448 674 615 710 carmina
638 673 686 708 ad
704 687 835 709 meum

141 732 290 768 sensum
316 731 567 767 mellitiffima
590 741 627 765 et
653 731 835 765 venustis-

140 788 235 824 [ima
262 799 309 823 ex
338 798 418 823 tota
445 787 673 835 antiquitate
694 788 835 821 Roma-

139 857 212 880 na:
247 844 417 880 diversae
443 844 580 890 utique
603 841 751 878 indolis
771 842 835 877 ad-

139 911 264 949 eoque
286 900 427 936 diversi
456 899 601 935 coloris
624 913 642 933 a
663 900 834 947 superio-

138 956 264 995 ribus,
296 967 351 997 ut,
382 957 584 1004 quomodo
607 969 625 990 a
646 955 745 990 viris
766 955 834 991 do·

136 1012 211 1048 etis
252 1012 416 1049 Tibullo
451 1011 574 1047 tribui
618 1011 832 1060 potuerint,

135 1069 208 1104 vix
225 1068 443 1117 intelligas;
473 1082 562 1103 narn
584 1068 691 1115 quod
709 1081 833 1116 gram-

134 1125 290 1161 matieis
318 1137 355 1160 ct
382 1124 555 1161 librariis
580 1124 657 1160 hoc
682 1123 833 1172 placue-

133 1181 191 1217 rit
216 1181 399 1222 statuere,
440 1181 571 1216 minus
597 1180 832 1215 mirandum.

133 1236 405 1273 Broukhusius
436 1236 596 1285 quidem
617 1250 657 1272 ea
677 1236 833 1271 Tibulli

131 1305 215 1329 non
252 1293 324 1329 effe
363 1293 523 1328 videbat
566 1293 639 1338 (ad
681 1291 831 1327 Tibull.

132 1350 354 1385 Comment.
376 1363 415 1397 p.
436 1350 566 1396 584),
599 1347 751 1383 Tibulli
780 1358 832 1381 ta-

133 1415 225 1440 :men
251 1405 461 1440 studiosum
491 1403 602 1439 fuiffe
633 1414 832 1438 auctorem

136 1459 416 1501 arbitrabatur,
466 1460 509 1495 in
541 1473 621 1508 quo
654 1472 716 1494 me
746 1460 832 1507 qui·

133 1517 223 1552 dem
271 1517 534 1552 allentientem
577 1529 658 1552 non
704 1516 832 1551 habet.

136 1572 333 1621 Sulpiciae
353 1583 481 1609 autem
501 1587 542 1608 ea
562 1586 649 1607 cum
667 1572 830 1607 Bal-thio

136 1627 356 1670 tribuebat,
389 1642 485 1676 quae
507 1628 574 1664 sub
597 1628 831 1664 Domitiano

135 1683 294 1726 floruit,
328 1696 365 1720 et
390 1687 502 1721 cuius
522 1685 649 1720 adhuc
670 1685 832 1733 Satiram

138 1740 187 1776 de
225 1751 411 1790 corrupto
442 1742 540 1790 reip.
585 1741 678 1777 statu
716 1740 833 1776 habe-

137 1809 250 1839 mus,
291 1798 359 1841 (in
387 1798 530 1833 minor.
573 1798 700 1833 Poetis
734 1798 832 1831 Bur·

137 1854 273 1889 manni
291 1854 359 1890 sub
381 1855 426 1898 f.)
447 1864 529 1889 tum
551 1853 634 1894 alia,
664 1853 735 1888 vix
754 1853 831 1889 duo

134 1909 203 1946 vel
225 1910 315 1949 tria,
358 1911 441 1946 eius
470 1911 703 1958 fragmenta,
736 1923 833 1958 quae

133 1966 219 2016 post
239 1966 336 2003 alios
367 1967 513 2003 iterum
542 1965 702 2001 collecta
726 1966 834 2002 dedit

135 2023 202 2058 vir
233 2022 371 2059 doctus
402 2024 443 2058 in
474 2025 582 2059 Misc.
608 2022 714 2060 Obff.
746 2024 828 2060 crit.

134 2078 228 2116 Vol.
259 2081 344 2116 VII.
374 2081 446 2115 To.
480 2082 547 2114 111.
631 2081 680 2113 Et
718 2079 830 2116 fuiss'e

136 2134 332 2185 Sulpiciae
356 2147 393 2172 et
413 2136 546 2172 Caleni
568 2148 717 2171 amores
747 2135 828 2171 val·

135 2193 184 2227 de
223 2203 361 2233 notos,
418 2194 564 2242 quippe
615 2205 713 2241 quos
751 2192 827 2240 ipsa

130 2247 265 2298 puella
291 2249 529 2286 carminibus
558 2247 827 2290 celebraverat,

133 2317 183 2341 ex
205 2306 384 2342 Martiale
406 2305 573 2347 constan
613 2304 684 2354 qui
707 2318 748 2340 ea
768 2319 827 2341 ae-

132 2372 211 2399 tate
243 2363 370 2405 vixit,
418 2363 489 2399 lib.
515 2364 564 2403 X,
597 2368 662 2405 55·
703 2361 828 2398 fuerat

131 2428 259 2454 tamen
292 2419 360 2455 illa
391 2422 469 2454 iam
509 2416 734 2467 quindecim
767 2432 828 2453 an-

130 2487 203 2510 nos
225 2487 347 2525 nupta
371 2476 534 2516 Calene,
568 2474 611 2511 ut
633 2472 755 2510 statim
780 2487 827 2509 ex

130 2543 186 2578 ep.
221 2538 287 2575 58.
328 2533 502 2569 eiusdem
533 2531 628 2567 libri
659 2541 825 2580 apparet.

130 2587 205 2622 Sed
255 2588 355 2625 hanc
393 2588 635 2624 Broukhul'ii
678 2588 827 2623 'senten-

130 2641 226 2679 tiam
256 2656 360 2683 recte
399 2645 631 2682 destructum
668 2643 827 2681 iverunt

902 674 1074 723 Vulpius
1107 673 1154 709 ad
1185 673 1255 710 lib.
1284 675 1353 716 IV.
1387 682 1424 708 2.
1458 684 1494 710 et
1521 674 1596 712 Vir

905 731 1042 766 doctus
1064 731 1107 766 in
1133 730 1240 766 Mire.
1265 729 1374 768 Obff.
1394 729 1482 767 Vol.
1504 730 1594 768 Vn.

902 801 941 835 p.
974 794 1067 831 537.
1109 786 1347 834 argumentis
1385 798 1473 821 cum
1509 785 1596 822 aliis

904 854 988 878 tum
1008 843 1070 879 his
1090 842 1328 892 potiffimum
1341 867 1353 883 ‚
1383 842 1491 889 quod
1511 841 1595 877 Sul-

901 899 1005 948 picia
1034 900 1150 935 castos
1187 898 1229 933 in
1260 896 1445 934 Calenum
1479 898 1597 933 mari·-

902 966 986 990 turn
1006 968 1155 991 amores
1177 955 1345 990 carmine
1374 952 1597 995 celebravit,

900 1012 1023 1047 nostra
1052 1021 1181 1048 autem
1215 1010 1387 1059 Sulpicia
1426 1010 1596 1046 furtivos

902 1081 990 1104 cum
1014 1068 1203 1105 Cerintho
1226 1077 1373 1102 amores
1398 1066 1596 1115 prosequi·

901 1135 987 1166 tur,
1040 1136 1077 1160 et
1104 1124 1212 1173 quod
1244 1121 1418 1162 Meffala,
1469 1121 1594 1158 carm.

900 1181 1010 1217 V111.
1050 1191 1307 1220 memoratus,
1371 1178 1477 1213 idem
1526 1177 1594 1215 ille

902 1238 972 1272 effe
992 1237 1162 1276 videtur,
1194 1236 1235 1270 in
1254 1235 1364 1270 cuius
1386 1235 1594 1271 contuber-

900 1294 968 1327 nio
993 1292 1177 1328 Tibullus
1201 1292 1326 1332 vixit3
1363 1290 1468 1338 quod
1492 1291 1521 1326 si
1540 1291 1613 1337 ita¹

899 1349 934 1382 se
966 1348 1126 1388 habeat,
1173 1347 1344 1382 dubitari
1373 1347 1445 1380 vix
1475 1348 1593 1394 poss'e,

902 1404 999 1452 quin
1028 1404 1073 1438 ad
1104 1404 1185 1437 eius
1209 1413 1369 1437 aetatem
1392 1415 1433 1436 ea
1456 1404 1593 1438 carmi-

901 1474 947 1494 na
990 1459 1189 1494 referenda
1227 1459 1311 1494 sint.
1391 1458 1594 1494 Adiiciunt

900 1515 972 1550 alia
991 1517 1070 1551 viri
1092 1516 1209 1555 docti,
1239 1515 1282 1549 in
1301 1514 1444 1563 quibus
1467 1525 1594 1550 tamen

899 1573 1028 1608 minus
1078 1572 1233 1607 roboris
1276 1582 1312 1606 et
1355 1570 1595 1606 firmamenti

902 1628 971 1663 effe
1000 1629 1170 1664 videtur.
1230 1627 1332 1663 Nam
1360 1628 1594 1663 Cerinthum

901 1684 1092 1733 Sulpiciae
1151 1694 1362 1719 amatorem
1427 1684 1592 1719 eundem

902 1742 973 1776 effe
1004 1754 1090 1776 cum
1122 1739 1237 1776 molli
1275 1753 1421 1789 puero,
1478 1753 1594 1788 quem

900 1798 1087 1833 Horatius
1109 1800 1134 1832 Ι.
1169 1799 1242 1831 Sat.
1266 1807 1303 1837 2,
1328 1804 1391 1841 31.
1421 1796 1592 1838 vellicat.

900 1854 987 1902 quis
1020 1851 1216 1888 affirmet?
1255 1852 1359 1887 Illud
1384 1864 1509 1888 autem
1534 1854 1594 1888 ni·-

898 1911 972 1945 mis
999 1910 1085 1945 leve
1117 1909 1184 1949 est,
1226 1909 1331 1956 quod
1361 1908 1592 1956 Quinctilia-

899 1980 993 2007 nus,
1039 1967 1109 2014 qui
1129 1966 1172 2000 in
1195 1965 1312 2001 Infiit.
1339 1966 1445 2002 Orat.
1467 1968 1495 2004 I,
1526 1979 1591 2001 ιι.

901 2034 995 2058 extr.
1025 2023 1143 2058 verba
1172 2035 1218 2057 ex
1249 2021 1318 2057 lib.
1347 2023 1413 2061 IV,
1436 2025 1472 2062 2,
1495 2020 1531 2056 6.
1551 2030 1588 2064 7.

897 2080 1083 2127 respicere
1114 2078 1293 2118 videtur,
1334 2078 1498 2113 feminae
1529 2078 1591 2112 ad-

896 2136 974 2171 huc
993 2135 1162 2171 viventis
1179 2135 1351 2170 versibus
1365 2135 1436 2169 vix
1454 2133 1590 2169 usurus

894 2192 1045 2232 fuiffet3
1087 2191 1230 2226 neceffe
1252 2191 1381 2238 itaque
1406 2190 1500 2230 erse,
1546 2198 1592 2225 ut

894 2248 962 2283 illa
989 2248 1179 2296 Augufieo
1201 2260 1297 2282 aevo
1315 2247 1471 2282 vixerit.
1504 2248 1589 2280 Ser-

894 2305 984 2343 vius
1016 2304 1167 2340 tandem
1192 2302 1388 2352 Sulpicius
1414 2316 1460 2336 au
1484 2302 1591 2336 idem

894 2361 963 2397 ille
997 2359 1196 2396 Ciceronis
1228 2359 1428 2394 familiaris
1458 2358 1588 2398 fuerit,

896 2416 1052 2453 dicendi
1083 2428 1163 2451 non
1205 2416 1335 2451 minus
1368 2425 1446 2450 arte
1473 2426 1590 2462 quam

894 2475 992 2509 iuris
1015 2472 1171 2508 scientia
1198 2471 1335 2510 clarus,
1364 2470 1587 2520 pronuntia-

894 2531 931 2566 ri
962 2529 1120 2577 nequit,
1173 2542 1262 2563 cum
1295 2528 1427 2576 plures
1459 2526 1588 2561 Servii

893 2586 1144 2636 praenomine
1166 2585 1267 2620 inter
1290 2582 1485 2632 Sulpicios
1507 2582 1588 2616 fue-

1064 2642 1194 2677 Etiam
1237 2641 1339 2677 inter
1374 2650 1458 2680 eos,
1518 2638 1589 2686 qui

1501 2707 1586 2732 vel*-

893 2643 987 2679 rint.
