1752 2974
164 145 244 178 122

617 125 820 169 ALBII
876 121 1182 164 TIBVLLI

163 251 336 315 Atque
357 246 547 312 aliquis
568 245 681 292 voti
702 256 918 305 compos
937 241 1042 288 liba
1066 235 1173 303 ipse
1204 235 1417 293 ferebat,

236 336 462 399 Postque
484 347 659 381 comes
679 344 878 393 purum
900 326 1012 375 filia
1035 342 1196 391 parva
1221 323 1417 372 favum.

164 425 232 473 At
257 424 410 472 nobis
437 428 617 474 aerata,
653 420 824 472 Lares,
865 413 1113 479 depellite
1140 413 1294 470 tela;.

1540 418 1608 466 25

243 508 424 560 Hostia
446 507 546 554 erit
568 504 724 572 plena
745 500 934 552 rustica
957 518 1152 568 porcus
1181 496 1305 548 hara
1321 495 1344 556 ;¹

165 742 234 780 titi
254 737 435 777 sacrificia
458 736 624 777 maiora,
665 748 780 784 quam
803 735 859 770 so-

165 798 362 836 lemnibus
383 794 504 836 festis,
539 793 760 829 offerebant.
791 792 860 826 Ae-

167 870 237 906 que
267 854 389 902 igitur
421 865 501 886 non
530 849 697 884 annectit
718 847 861 896 simpli-

168 913 277 949 citer,
298 909 356 944 sed
373 906 672 957 amplificationi
692 904 861 939 inservit.

142 973 144 976 ’
166 968 323 1003 Maiora
347 972 411 1007 25.
434 974 555 998 vovet
575 960 770 1001 Tibullus,
802 960 864 994 Ῐιο-

159 1020 298 1073 stiam,
326 1034 398 1070 pro
419 1018 700 1055 incolumitate.
760 1016 866 1050 Hinc

169 1081 267 1116 bene
308 1091 377 1126 per
416 1078 468 1114 Ac
507 1075 633 1112 oratio
665 1073 865 1109 continua-

168 1146 246 1173 tur.
278 1137 345 1172 W.

230 1224 293 1258 23.
327 1215 406 1250 voti
427 1205 597 1258 compos)
612 1207 715 1257 quod
729 1205 865 1253 vulgo,

171 1284 222 1308 ex
240 1282 349 1312 voto,
372 1281 427 1309 ut,
447 1266 552 1315 quod
568 1275 741 1303 voverat,
763 1274 866 1296 nuuc

169 1327 419 1378 persolveret.
451 1336 582 1370 purum
594 1321 741 1369 favum,
776 1319 866 1367 quia

169 1384 331 1434 proprie
351 1395 482 1431 purum.
506 1378 586 1413 mel.

234 1469 298 1504 25.
327 1459 464 1504 Lares)
483 1458 552 1492 int.
572 1454 732 1490 rurales.
745 1467 784 1488 v.
800 1461 864 1487 20.

170 1520 288 1570 patrii
317 1517 521 1553 dicuntur,
554 1512 669 1559 quia,
710 1510 755 1545 ab
787 1509 867 1543 avis

171 1576 265 1611 inde
295 1574 336 1607 in
367 1572 436 1606 isto
469 1581 560 1616 agro
584 1567 700 1606 culti,
733 1564 867 1600 tutela-

171 1645 235 1668 res
253 1629 336 1678 agri
356 1628 413 1663 dii
433 1624 560 1660 habiti
583 1634 699 1658 eraut.
766 1620 868 1655 Male

173 1686 318 1724 Sellius
341 1683 446 1720 Obff.
471 1681 574 1715 misc.
598 1679 763 1728 Specim.
788 1691 817 1711 0.
833 1686 868 1715 7.

173 1753 309 1778 contra
338 1741 433 1775 haec
461 1737 641 1784 disputat.
673 1734 869 1769 Discimus

175 1811 306 1835 autem
350 1810 397 1831 ex
441 1794 517 1828 hoc
561 1790 716 1826 Tibulli
761 1789 870 1827 loco,

174 1854 287 1891 fuiffe
301 1852 460 1887 Larium
482 1861 599 1897 parva
623 1846 756 1894 sigilla,
770 1857 872 1879 nunc

178 1925 227 1946 ex
258 1910 366 1957 ligno
398 1908 513 1946 facta,
544 1904 706 1951 quibus,
738 1901 873 1936 vinde-

177 1967 258 2003 mia
290 1976 327 2000 et
355 1964 469 1998 messe
501 1962 618 1999 facta,
660 1972 735 1993 uva
757 1969 873 2004 appo-

177 2032 357 2060 neretur,
393 2029 457 2054 aut
487 2028 628 2053 corona
659 2014 776 2062 [picea
798 2013 872 2046 im-

177 2087 391 2128 poneretur
414 2074 543 2122 capiti.
573 2071 676 2107 Alias
697 2080 803 2117 pater
822 2069 872 2102 fa-

178 2134 308 2170 milias
341 2145 427 2166 cum
453 2128 588 2164 liberis
609 2129 753 2162 sacrum
784 2125 875 2159 facit

178 2191 275 2227 libis
307 2187 487 2236 appositis
524 2196 560 2220 ct
590 2182 728 2222 mell·e;
760 2182 875 2215 inter-

182 2248 278 2282 dum
310 2255 346 2280 et
383 2255 504 2292 porco
533 2250 720 2277 mactato,
770 2237 877 2271 haud

183 2303 326 2342 dubie,
357 2301 386 2335 si
409 2297 614 2334 solemnius
636 2296 779 2329 [acrum
806 2292 875 2327 effe

183 2359 343 2397 debuit;
377 2366 461 2391 tum
483 2354 560 2402 ipse
582 2363 688 2400 pater
711 2349 875 2385 familias

183 2413 347 2452 candida
375 2411 475 2448 veste
505 2409 663 2443 indutus
690 2417 726 2442 et
746 2415 874 2452 myrto

184 2479 392 2506 coronatus
415 2465 587 2504 incedit;
619 2473 748 2510 myrto
771 2474 878 2496 orna-

184 2538 244 2562 tae
279 2526 393 2560 etiam
423 2537 482 2558 res
524 2522 664 2560 sacrae,
712 2529 753 2553 ut
784 2516 878 2552 cala-

185 2583 301 2621 thus,
335 2592 412 2628 quo
439 2579 539 2618 liba,
577 2576 721 2611 molam
744 2573 879 2611 salsam,

187 2638 351 2680 vinum,
392 2636 512 2670 affert.
541 2634 592 2669 H.
646 2632 718 2666 tela
755 2638 882 2664 aerata

185 2692 392 2743 Aquitanis
410 2690 569 2742 propria
590 2687 713 2729 fuiffe,
727 2696 882 2722 conten-

1466 585 1617 631 Hanc

929 732 986 767 dit
1012 732 1061 766 H.
1093 729 1258 766 Voffius.
1293 730 1467 778 depellite
1498 727 1617 762 nobis.

928 788 989 823 Ad
1024 786 1344 822 constructionem
1386 784 1486 819 conf.
1522 781 1619 817 Pers.

931 847 962 886 1,
990 852 1054 889 85,
1089 840 1532 891 capicipellerepericula.
1555 838 1621 874 VV·

991 933 1054 969 26.
1099 929 1253 980 Hostia)
1284 930 1473 966 Similiter
1504 926 1623 964 ovid.

933 992 1004 1026 III.
1037 992 1124 1026 Am.
1153 998 1214 1031 13,
1254 988 1314 1023 16.

1064 1067 1129 1118 *Et
1149 1069 1268 1103 minor
1301 1079 1344 1102 ex
1376 1063 1504 1099 humili
1523 1063 1626 1098 victi-

1214 1137 1274 1157 ma
1294 1134 1425 1169 porcus
1445 1120 1548 1156 hara.

932 1217 1018 1253 Lus.
1044 1214 1113 1250 lib.
1144 1215 1269 1249 Carni.
1293 1211 1357 1245 66.
1388 1212 1457 1245 Hic
1486 1209 1554 1244 tibi
1573 1226 1628 1236 --

1080 1271 1252 1307 Caeditur
1280 1283 1298 1303 e
1326 1268 1451 1316 tepida
1476 1267 1627 1301 victima

1212 1337 1345 1373 porcus
1370 1325 1470 1358 hara.

937 1396 1073 1433 Suavis
1090 1405 1216 1429 autem
1233 1404 1411 1439 tanquam
1438 1391 1480 1424 in
1500 1386 1631 1424 tabula

936 1454 1066 1499 imago
1100 1449 1191 1483 sacri
1222 1447 1352 1482 rustici
1379 1446 1544 1479 Laribus
1575 1444 1629 1478 fa-

937 1509 1011 1544 cti:
1045 1506 1090 1542 cf.
1118 1504 1280 1539 similem
1304 1502 1435 1537 locum
1457 1498 1633 1535 Petronii

939 1579 969 1600 c.
1004 1572 1092 1605 153.
1127 1572 1162 1596 et
1194 1558 1353 1595 Anthol.
1386 1558 1468 1591 Lat.
1502 1555 1570 1591 lib.
1600 1558 1631 1589 1.

937 1623 1008 1668 Ep.
1043 1626 1106 1660 51.
1158 1617 1260 1652 Vide
1300 1612 1496 1649 eiusmodi
1540 1610 1634 1646 [acri

938 1685 1161 1724 apparatum
1192 1673 1234 1707 in
1261 1670 1427 1705 Picturis
1447 1667 1634 1702 Hercula·
1681 1676 1686 1680 “

938 1732 1038 1768 nens.
1071 1731 1143 1764 To.
1167 1730 1231 1764 IV.
1256 1738 1281 1762 t.
1308 1735 1367 1768 13.
1442 1725 1504 1760 De
1525 1723 1635 1758 Lari-

940 1789 1012 1824 bus
1041 1797 1167 1821 autem
1193 1795 1406 1829 eorumque
1441 1779 1635 1827 religione

940 1842 1062 1879 multa
1085 1842 1210 1877 adhue
1237 1840 1395 1875 obseura
1416 1838 1520 1876 sunt,
1552 1848 1636 1883 par-

941 1902 1013 1936 tim
1052 1909 1212 1947 propter
1245 1897 1430 1930 summam
1466 1890 1636 1939 supersti-

943 1956 1062 1992 tionis
1095 1954 1341 1991 vmietatem,
1377 1949 1518 1997 partim
1545 1959 1636 1995 pro-

942 2023 1027 2061 pter
1049 2011 1228 2046 virorum
1251 2008 1455 2042 doctorum
1472 2015 1637 2051 pravum

942 2080 1114 2106 morem,
1147 2063 1351 2112 argutandi
1379 2071 1415 2095 et
1445 2058 1637 2095 ariolandi

942 2137 1014 2173 pro
1027 2123 1103 2158 ‘suo
1118 2120 1278 2169 ingenio
1301 2129 1366 2153 aut
1384 2115 1544 2154 saeculo,
1566 2114 1638 2149 ubi

944 2194 1004 2216 res
1027 2181 1089 2214 seu
1110 2191 1155 2212 ex
1175 2175 1400 2211 auctoritate
1411 2173 1473 2208 seu
1486 2184 1532 2206 ex
1553 2183 1638 2205 ana-

945 2236 1051 2284 logia
1082 2233 1223 2270 veteris
1257 2231 1378 2266 moris
1412 2226 1638 2276 exponenda

948 2302 1038 2328 erat.
1111 2291 1214 2324 Haec
1254 2285 1414 2322 tenenda
1456 2282 1637 2332 inprimis

945 2350 1016 2387 iis,
1047 2347 1116 2395 qui
1143 2345 1309 2380 Gorium
1331 2356 1369 2377 V.
1393 2354 1422 2375 c.
1444 2339 1635 2386 Inscriptt.

944 2404 1090 2438 Etrusc.
1120 2402 1191 2436 To.
1214 2401 1262 2436 II.
1291 2412 1328 2447 p.
1357 2406 1444 2444 129.
1467 2395 1638 2429 Passerat.

947 2458 1178 2507 Paralipom.
1201 2453 1470 2501 adDempster.
1488 2464 1525 2498 p.
1547 2463 1561 2483 1
1576 2454 1637 2492 18.

950 2527 986 2551 et
1017 2514 1113 2550 alibi
1138 2510 1369 2548 evolverint.
1416 2506 1565 2543 Sufficit
1586 2515 1637 2540 te-

949 2585 1052 2611 nere,
1074 2572 1194 2606 Lares
1216 2568 1286 2602 effe
1311 2566 1460 2602 domus,
1485 2563 1642 2597 Penates

951 2627 1132 2667 familiae,
1177 2625 1316 2664 Genios
1354 2620 1470 2656 unius
1515 2617 1641 2654 cuius-

955 2696 1043 2734 que·
