1752 2974
497 113 628 157 LIB.
659 114 694 154 Ι.
753 110 957 151 ELEG.
987 109 1042 149 V.
1435 108 1489 150 61

50 236 241 287 Omnia
270 234 528 304 persolv&
568 230 767 280 fruitur
790 246 935 278 nunc
961 227 1091 275 alter
1117 241 1311 284 amore,

124 326 190 374 Et
223 325 466 391 precibus
497 318 626 368 felix
647 319 819 367 utitur
839 318 931 364 ille
950 316 1097 364 meis.

50 415 117 462 At
145 414 280 461 mihi
311 410 516 459 felicem
548 409 742 463 vitam,
782 404 818 452 fi
847 404 982 452 salva
1001 399 1194 459 fuisses,

127 500 411 565 Fingebam
442 496 686 551 demens,
738 492 823 541 sed
861 501 1118 540 renuente
1146 487 1261 536 deo.

1423 499 1493 532 20

19 623 21 625 ·
49 590 194 636 Rura
216 588 409 642 colam,
449 583 776 648 frugumque
800 580 965 628 aderit
989 595 1104 625 mea
1132 576 1286 624 Delia
1309 570 1496 630 custos,

126 677 257 723 Area
290 673 419 721 dum
453 668 633 718 meffes
665 669 772 718 sole
799 669 999 715 calente
1025 675 1155 713 teret
1167 682 1180 723 ;

48 765 114 812 Et
146 762 282 811 mihi
312 759 540 808 servabit
569 759 743 824 plenis
777 758 834 804 in
853 754 1103 804 lintribus
1122 768 1268 809 uvas,

49 992 140 1016 cum
181 980 295 1016 Delia
339 979 604 1016 convaluiffet.
679 976 741 1010 Est

51 1048 176 1072 autem
199 1039 340 1071 Hecate
354 1062 363 1076 ‚
392 1036 457 1069 cui
477 1046 566 1069 vota
588 1035 739 1072 fecerat,

49 1093 164 1127 Delia
186 1102 416 1140 aegrotante.
436 1099 524 1125 vota
537 1091 623 1124 dedi
641 1102 736 1138 pro:

48 1148 229 1197 persolvi.

113 1225 174 1257 17.
199 1215 341 1262 fruitur
362 1228 454 1250 nunc
471 1214 565 1249 alter
586 1212 740 1262 amore)

49 1282 181 1305 amore
212 1271 314 1304 mihi
336 1271 493 1310 debit03
526 1271 587 1305 seu
610 1270 740 1318 puella

50 1340 157 1367 mea,
214 1338 256 1361 ut
312 1339 419 1362 amor
470 1339 542 1374 pro
593 1337 742 1362 amante

50 1384 157 1430 saepe
178 1384 351 1431 ponitur.
384 1384 433 1417 H.
494 1384 606 1418 Prius
629 1383 742 1417 unice

51 1452 202 1475 verum.
236 1440 300 1474 W.

116 1524 178 1561 ¹8·
225 1518 390 1566 precibus
427 1535 482 1545 —
522 1518 637 1552 utitur
683 1516 746 1551 ille

53 1574 171 1620 meis)
201 1574 239 1608 h.
272 1573 494 1608 valetudine
526 1583 608 1611 tua,
649 1573 745 1606 meis

51 1630 233 1678 precibus
280 1643 299 1663 a
351 1630 426 1664 diis
467 1628 645 1665 concess'a.
697 1626 746 1661 H.

54 1686 218 1720 Oenone
269 1686 399 1720 Paridi
449 1684 580 1721 scribit
625 1683 747 1720 Ovid.

53 1742 215 1776 Heroid.
239 1741 294 1780 V,
318 1749 381 1788 59.

117 1799 224 1833 Votis
256 1811 343 1844 ergo
373 1800 463 1833 meis
496 1797 565 1831 alii
586 1796 746 1830 rediture

334 1852 470 1902 redisti.

56 1913 151 1949 alter
180 1930 232 1939 —
264 1910 338 1944 ille.
410 1911 636 1945 Subiectum
666 1921 746 1943 non

55 1967 269 2003 iniucunde
311 1980 381 2014 per
420 1979 638 2014 pronomen
685 1965 748 1998 ille

54 2025 278 2072 repetitum,
310 2024 553 2070 suaviterque
570 2022 612 2056 in
632 2020 748 2055 altera

56 2079 288 2129 pentametri
330 2090 435 2127 parte
475 2081 642 2126 politum
685 2076 746 2117 est,

58 2134 183 2183 qualis
214 2136 379 2182 positura
410 2135 509 2183 apud
544 2132 749 2169 Tibullum

59 2192 240 2238 frequens
275 2192 314 2231 Ι,
341 2201 387 2231 2,
416 2201 475 2225 12.
503 2190 566 2225 60.
604 2197 652 2235 4,
684 2198 748 2232 72.

60 2255 98 2291 5,
129 2245 188 2281 16.
217 2245 279 2289 56.
303 2246 367 2282 66.
388 2257 452 2289 70.
486 2253 523 2291 3,
538 2253 598 2290 48.
636 2251 749 2293 9,4o.

61 2316 158 2351 quae
193 2301 297 2342 loca,
330 2315 443 2349 quarn
474 2313 672 2338 accim-atus
706 2304 750 2337 fit

59 2358 199 2395 Albius
229 2358 270 2392 in
305 2358 483 2395 subiectis
512 2372 580 2407 per
606 2370 750 2407 prono·

61 2428 151 2449 meu
194 2415 256 2449 ille
285 2415 520 2456 indicandis,
570 2415 654 2450 satis
687 2415 750 2449 de-

63 2470 218 2506 clarant.
250 2473 315 2507 W.

125 2562 187 2596 19·
228 2550 306 2597 sqq.
360 2549 609 2585 Suavissimus
627 2575 637 2589 .
683 2549 753 2596 qui

62 2605 234 2652 sequitur
245 2605 368 2647 locus,
391 2607 658 2641 sententiarum
669 2606 752 2639 fim-

64 2660 246 2709 plicitate,
264 2663 419 2698 affectus
429 2663 605 2702 veritate,
622 2673 754 2697 rerum

1311 834 1500 887 Preffa-

806 973 850 1009 in
883 975 1057 1009 animum
1074 983 1341 1008 revocaturum
1363 972 1500 1006 iucun-

810 1031 939 1064 ditate.
989 1032 1038 1065 H.
1111 1030 1267 1064 Sensus:
1327 1030 1377 1063 At
1419 1028 1501 1075 [pes

808 1099 916 1120 meae
959 1086 1138 1133 deceptae
1178 1085 1256 1118 iam
1297 1095 1333 1119 et
1367 1084 1502 1118 irritae

806 1143 903 1176 sunt.
956 1140 1108 1189 felicem
1128 1140 1388 1186 —fingebanz
1409 1139 1446 1173 h.
1469 1153 1504 1175 e.

807 1198 1068 1244 imaginabar,
1119 1209 1233 1245 quam
1283 1194 1380 1230 felix
1421 1195 1505 1230 vita.

809 1266 894 1288 mea
924 1264 1051 1288 tecum
1082 1254 1202 1291 foret,
1242 1252 1268 1285 fi
1304 1262 1373 1287 etc.
1444 1253 1504 1286 Ita.

811 1310 912 1358 apud
943 1309 1065 1345 Tacit.
1096 1308 1188 1343 Hist.
1219 1307 1295 1348 IV,
1323 1314 1383 1351 18.
1443 1308 1505 1342 Sic

813 1369 852 1400 in
886 1366 1031 1401 Gallias
1065 1365 1354 1412 Germaniasque
1387 1366 1504 1398 inten-

815 1432 895 1462 tu5‚
941 1420 977 1471 fi
1016 1419 1195 1468 destinata
1240 1420 1502 1469 proveniffenss

813 1475 1115 1525 validiffimarum
1181 1475 1504 1524 ditiffimarumque

813 1535 1006 1568 nationum
1026 1547 1138 1580 regno
1161 1531 1384 1571 imminebat,
1407 1532 1444 1567 h.
1470 1545 1504 1567 e-

813 1591 915 1637 spem
957 1589 1063 1628 fore,
1114 1600 1157 1623 ut
1197 1601 1358 1635 regnum
1393 1600 1505 1622 occu·

813 1655 943 1693 paret,
982 1654 1231 1692 conceperat,
1262 1644 1407 1678 adjecta
1436 1656 1506 1678 no·

815 1701 924 1735 tione
955 1701 1192 1748 cupiditatis.
1262 1700 1388 1736 Verba
1419 1712 1506 1747 pro‘·

813 1759 962 1791 mittere
994 1768 1030 1792 et
1050 1756 1225 1805 sperare,
1268 1756 1399 1803 offerre
1430 1756 1507 1790 fre-

815 1824 979 1860 quenter
1013 1814 1067 1848 ita
1099 1813 1386 1848 construuntur.
1415 1813 1505 1848 Tac.

813 1868 910 1905 nist.
933 1871 1010 1911 111,
1036 1869 1099 1912 63.
1137 1870 1202 1904 W.

872 1935 937 1960 22.
994 1927 1092 1961 Area
1143 1926 1231 1959 dum
1280 1923 1405 1973 meffes
1453 1942 1509 1952 --

817 1984 936 2026 teret)
968 1981 1133 2029 Vulgari
1164 1981 1353 2029 loquendi
1383 1982 1508 2016 forma

816 2038 972 2079 mess'es,
1030 2040 1186 2087 fruges,

971 2095 1043 2130 Sed
1074 2094 1300 2142 exquisitior
1323 2093 1372 2127 est
1392 2093 1511 2128 altera

815 2149 952 2190 forma,
988 2151 1161 2198 adeoque
1182 2150 1309 2198 poetis
1330 2150 1509 2197 frequen-

817 2216 903 2242 tata.
972 2209 1177 2243 Rationem
1225 2220 1266 2241 ea
1308 2206 1424 2241 habet
1463 2216 1510 2239 ex

816 2262 914 2306 hoc,
966 2265 1073 2312 quod
1116 2263 1237 2298 folum
1283 2263 1510 2297 induratum

816 2321 948 2357 resistit
979 2321 1036 2361 ei,
1069 2322 1174 2368 quod
1204 2320 1364 2359 teritur,
1396 2318 1508 2351 adeo-

816 2390 892 2425 que
916 2378 960 2412 ad
983 2377 1184 2412 tritionem
1209 2386 1246 2411 et
1257 2377 1379 2424 ipsum
1394 2373 1509 2413 facit;

1239 2048 1417 2073 teruntur
1465 2038 1510 2072 in

816 2107 913 2129 area.

820 2444 864 2468 ut
891 2434 1035 2469 fundus
1064 2433 1244 2468 mortarii
1277 2444 1357 2467 non
1380 2430 1510 2464 minus

821 2491 931 2530 terit,
964 2503 1079 2538 quam
1110 2488 1307 2538 pistillum.
1332 2487 1378 2521 cf.
1403 2483 1508 2522 Obss'.

875 2556 940 2590 23.
971 2546 1092 2593 plenis
1113 2549 1149 2580 in
1169 2544 1364 2586 lintribus)
1383 2542 1512 2575 lintres

820 2603 906 2638 sunt
935 2603 1058 2643 alvei,
1091 2602 1234 2651 quibus
1261 2612 1357 2635 uvae
1380 2606 1509 2645 porta-

820 2659 961 2700 bantus⁸
978 2661 1022 2695 in
1042 2657 1255 2696 vindemia.
1274 2668 1313 2693 v.
1333 2656 1441 2692 Serv.
1455 2652 1510 2691 ad

1438 2709 1508 2745 Ge.
