1752 2974
352 132 701 174 CODICIBVS
740 132 817 170 ET
854 130 1297 173 EDITIONIBvs.
1428 143 1524 177 XXI

75 243 245 285 succeffu
270 248 454 297 temporis
484 247 526 283 in
557 260 686 284 amore
711 254 749 283 et
779 246 861 283 eius
887 247 990 284 curis
1010 247 1244 298 praecipuus
1266 246 1409 297 elegiae
1434 247 1524 287 usus

74 318 168 363 fuit,
203 314 412 366 mansitque
434 317 549 354 etiam
571 317 674 367 apud
695 330 782 363 eos,
824 318 889 367 qui
919 315 1022 354 lusus
1056 325 1204 353 tantum
1235 317 1404 367 ingenii,
1442 333 1522 356 non

73 399 185 424 veros
214 400 383 432 amores,
424 387 594 423 carmine
623 385 971 438 persequerentur:
1020 387 1061 422 id
1086 387 1190 437 quod
1212 387 1287 423 iam
1308 387 1356 423 ab
1375 386 1522 425 Ovidio

72 457 226 494 sactum.
294 460 340 494 In
374 458 475 493 curis
507 471 599 494 vero
633 457 774 494 amoris
804 457 1067 507 exprimendis
1098 457 1278 494 omniane
1311 456 1523 506 aequaliter

69 527 280 579 procedere
304 525 480 577 poffunt,
518 534 561 563 ut
588 526 662 563 alia
691 527 805 563 aliam
834 525 1084 574 sententiam,
1126 526 1246 565 veluti
1274 526 1315 562 in
1346 524 1521 565 sermone

43 621 45 624 .
69 610 157 635 eum
186 598 334 634 ratione
361 606 397 633 et
419 597 538 633 multa
566 597 846 634 deliberatione
875 595 1081 648 composito
1104 606 1140 633 et
1162 596 1367 647 diligenter
1384 595 1522 633 elabo-

69 676 176 714 rato,
206 666 404 719 excipiat?
433 667 519 704 Non
544 668 680 715 credo3
712 666 778 704 sed
812 676 852 705 ut
889 668 929 704 in
967 676 1117 704 amante
1139 666 1237 703 alius
1259 665 1377 701 alium
1399 665 1521 702 animi

68 746 213 775 motum
234 738 379 784 trudit,
412 746 541 787 urget,
588 738 640 774 ita
663 736 892 785 sententias,
922 751 1001 774 non
1023 735 1113 773 satis
1135 735 1205 772 fibi
1229 733 1520 786 respondentes,

66 821 193 858 neque
220 808 376 845 arctiori
404 807 562 845 vinculo
592 809 764 855 iunctas,
806 807 945 846 subiici
975 804 1123 844 neceffe
1152 805 1217 843 est.
1296 805 1520 842 Amatorem

67 879 182 916 modo
203 877 418 930 supplicem
437 877 531 925 effe,
569 879 683 916 modo
706 876 927 930 superbire,
959 891 1064 914 nunc
1083 876 1236 927 precari
1251 903 1262 921 ‚
1302 872 1519 923 obsecrare,

66 949 183 986 modo
218 949 367 995 iurare,
419 950 583 994 minari,
637 956 793 995 tonare,
843 947 1039 985 interdum
1066 946 1246 991 laudare,
1298 945 1519 995 obiurgare,

66 1019 218 1065 dolere,
250 1019 438 1070 gaudere,
469 1015 583 1053 irasci
605 1017 793 1054 videmus.
854 1018 991 1053 Nonne
1020 1030 1108 1052 cum
1139 1016 1288 1052 ratione
1315 1013 1518 1062 insaniret,

65 1089 155 1138 qui,
197 1096 240 1125 ut
269 1089 310 1124 in
340 1080 469 1124 sedato
499 1086 687 1123 orationis
719 1099 879 1135 genere,
919 1084 1028 1122 nulla
1057 1082 1128 1120 nisi
1159 1093 1246 1133 apta
1277 1092 1314 1120 et
1344 1092 1518 1121 connexa

65 1156 168 1194 inter
183 1155 222 1193 se
239 1158 415 1208 proferre
435 1155 581 1194 vellet?
629 1158 763 1206 Itaque
783 1156 917 1193 mirari
936 1169 1019 1192 non
1040 1154 1245 1199 debemus,
1285 1151 1312 1190 si
1332 1153 1372 1188 in
1395 1153 1519 1202 elegia

66 1225 248 1265 dissidere
280 1227 475 1264 interdum
504 1226 655 1276 aliquid
686 1234 722 1263 et
746 1225 878 1272 hiare,
920 1239 1040 1275 eaque
1070 1222 1108 1261 se
1130 1224 1305 1274 excipere
1326 1221 1516 1268 videmus,

62 1309 227 1346 quorum
248 1311 368 1334 nexus
398 1311 477 1335 non
497 1311 518 1334 a
539 1294 672 1333 subtili
695 1296 863 1343 iudicio,
922 1294 988 1333 sed
1010 1294 1058 1331 ab
1079 1294 1196 1330 animi
1219 1290 1382 1329 districti
1411 1290 1517 1328 curis

65 1375 100 1403 et
130 1367 170 1403 in
197 1368 390 1405 contraria
421 1368 523 1418 rapti
552 1369 698 1417 impetu
726 1363 923 1416 proficisci
951 1365 1091 1416 potuit.
1166 1363 1324 1400 Scilicet
1350 1360 1518 1398 amantis

62 1444 144 1475 tum
173 1435 325 1474 sensum
356 1435 460 1486 quasi
493 1436 675 1482 induere,
717 1437 799 1472 eius
824 1434 961 1472 statum
986 1445 1023 1472 et
1043 1435 1307 1473 conditionem
1328 1429 1458 1468 subire
1477 1438 1517 1468 et

63 1516 99 1544 te
124 1506 164 1543 in
189 1507 269 1543 eius
292 1507 417 1543 locum
443 1507 483 1542 in
507 1506 636 1542 animo
660 1513 726 1542 tuo
750 1504 951 1556 surrogare
974 1506 1103 1542 debes.
1160 1506 1268 1551 Quae
1288 1516 1375 1539 cum
1399 1502 1452 1538 ita
1473 1498 1515 1538 se

57 1575 227 1623 habere,
255 1590 337 1612 non
358 1576 433 1613 levi
458 1575 603 1612 iudicio
629 1573 838 1621 adductus,
870 1575 1103 1618 arbitrarer,
1137 1571 1264 1607 alieno
1285 1568 1436 1620 semper
1456 1568 1516 1606 fui

60 1645 190 1682 animo
211 1659 232 1681 a
253 1645 509 1695 Scaligeranis
530 1644 845 1691 traiectionibus‚
877 1657 970 1694 quas
993 1639 1253 1680 Broukhus'ius
1275 1650 1351 1677 tam
1371 1638 1515 1690 cupide

13 1750 19 1761 ,
61 1714 116 1753 est
135 1715 345 1766 amplexus.
405 1715 481 1752 Sed
500 1715 699 1752 videamus
720 1728 823 1752 nunc
843 1714 889 1751 dc
911 1714 993 1750 eius
1015 1709 1232 1749 reccnfione
1253 1710 1483 1747 accuratius.

176 1786 301 1833 Quam
332 1782 470 1821 infesto
499 1784 561 1822 vir
601 1783 770 1823 summus
802 1786 917 1822 fuerit
952 1783 1082 1821 animo
1100 1783 1141 1818 in
1173 1783 1387 1826 Min-etum,
1418 1777 1512 1817 satis

62 1853 221 1893 constat.
278 1854 342 1893 Ab
372 1854 511 1892 iisdem
543 1855 645 1892 odiis
680 1853 875 1905 proficisci
911 1854 1046 1891 debuit
1067 1852 1164 1898 hoc,
1212 1851 1329 1902 quod,
1360 1851 1512 1887 Mureto

62 1927 178 1978 plane
207 1924 378 1972 deserto,
409 1925 547 1961 iterum
566 1924 616 1961 ad
635 1924 820 1962 Aldinain
847 1925 1014 1975 primam
1035 1920 1207 1960 reversus
1236 1920 1311 1967 est,
1352 1933 1512 1970 eamque

2 2033 10 2038 ,
62 1997 199 2033 iterum
228 2011 248 2032 a
280 1993 319 2033 se
347 1995 588 2033 emendatam
628 1995 758 2045 operis
799 1994 1063 2032 excudendam
1100 1992 1275 2030 tradidit.
1336 1990 1431 2028 Nam
1463 2003 1511 2027 ex

60 2065 151 2102 Ald.
178 2080 239 2116 pr.
272 2064 557 2116 Scaligeranam
595 2064 751 2102 ductam
782 2063 856 2102 effe
893 2065 1043 2115 liquido
1077 2063 1173 2100 inihi
1202 2075 1307 2099 nunc
1341 2058 1511 2108 constat3

62 2148 138 2184 quo
157 2133 241 2185 ipso
261 2136 399 2172 sarium
421 2134 496 2182 est,
534 2144 577 2172 ut
595 2135 786 2187 plurima,
825 2149 921 2185 quac
946 2136 985 2172 in
1006 2135 1096 2172 Ald.
1119 2133 1190 2172 sec.
1210 2141 1246 2170 et
1270 2146 1357 2169 mox
1377 2146 1397 2168 a
1419 2131 1509 2167 Mu*

61 2212 143 2241 reto
163 2205 311 2255 egregie
334 2208 444 2241 erant
462 2205 684 2251 emendata,
716 2219 820 2242 nune
840 2206 979 2243 iterum
1000 2205 1168 2255 antiquis
1192 2202 1370 2240 sordibus
1396 2201 1510 2238 coin-

63 2274 220 2324 quinata
250 2274 535 2323 proserruntur.
597 2276 769 2325 Cumque
791 2276 988 2326 Scaligero
1018 2272 1149 2312 sensus
1173 2271 1390 2311 Tilmlliani
1413 2282 1507 2307 can-

62 2342 168 2379 doris
200 2357 242 2379 ac
272 2341 524 2393 simplicitatis
553 2343 714 2391 deesset,
754 2346 952 2383 doctrinae
981 2354 1114 2383 contra
1142 2341 1344 2394 exquisitae
1374 2339 1507 2390 copiae

61 2413 269 2459 maximae,
320 2413 440 2449 multa
472 2412 537 2450 ille
567 2415 728 2451 mutavit
761 2424 825 2452 aut
858 2416 1012 2452 retinxit
1041 2415 1150 2452 docte
1192 2413 1372 2464 quidem,
1420 2409 1507 2458 quis

62 2480 202 2532 neget?
242 2483 437 2520 interdum
458 2484 572 2520 etiam
595 2483 812 2534 ingeniose,
844 2483 910 2522 scd
933 2499 953 2521 a
977 2485 1127 2522 Tibulli
1146 2485 1259 2534 genio
1280 2477 1505 2518 abhorrenti

62 2564 167 2588 more
184 2552 387 2602 modoque.
447 2553 543 2589 Cum
565 2562 691 2591 tamen
713 2554 972 2592 Broukhufius
992 2568 1079 2592 euni
1108 2551 1285 2604 religiose
1314 2550 1506 2600 sequatur,

63 2620 306 2670 Scaligerana
333 2620 519 2670 recensio,
564 2623 669 2673 quod
698 2624 843 2664 nollem
875 2626 1039 2674 sactum,
1081 2637 1155 2677 pro
1185 2616 1506 2676 praestantisfima

63 2701 268 2741 perperam
293 2690 429 2729 haberi
456 2693 596 2745 coepit.

1367 2760 1506 2798 Scali—
