1752 2974
503 133 617 174 LIB.
655 131 744 167 III.
817 126 991 166 ELEG.
1033 126 1111 165 VI.

1447 136 1471 165 10

1479 134 1500 165 ΚΒ

1511 137 1528 165 0-

160 249 267 299 Aut
296 248 437 298 fallat
467 245 656 297 blanda
685 242 894 294 sordida
927 242 1110 306 lingua
1140 254 1308 304 prece.

82 335 192 392 Etsi
224 354 425 403 perque
458 335 578 384 suos
612 331 770 381 fallax
799 331 987 379 iurarit
1021 327 1234 384 ocellos,

160 427 530 486 Iunonemque
558 419 729 477 suam,
777 433 978 484 perque
1009 415 1153 464 suam
1184 416 1459 475 Venerem,
1501 474 1505 478 .

85 512 250 561 Nulla
290 510 423 558 fides
457 510 642 567 inerit;
705 489 940 573 periuria
976 503 1113 553 ridet
1147 510 1416 550 amantum

159 599 387 663 Iupiter,
440 607 491 644 et
524 607 714 645 ventos
742 595 890 643 irrita
919 590 1058 640 ferre
1083 591 1248 641 iubet.

1461 596 1533 645 50

84 688 223 750 Ergo
261 684 392 749 quid
424 686 577 734 toties
616 682 814 732 fallacis
849 680 1008 730 verba
1043 678 1255 744 puellae

160 772 514 837 Conqueror?
576 773 648 820 ite
678 787 705 817 a
736 785 846 826 me,
895 766 1025 816 seria
1054 764 1242 822 verba,
1290 761 1495 829 procul.

84 863 258 928 Quam
292 861 485 908 vellem
518 860 702 925 longas
734 867 910 905 tecum
945 852 1270 920 requiescere
1303 838 1501 908 noctes}

161 950 227 995 Et
258 957 434 995 tecum
461 948 649 1012 longos
681 943 998 1011 pervigilare
1036 939 1177 991 dies!

85 1034 310 1093 Perfida,
335 1052 432 1084 nec
451 1035 659 1091 merito,
683 1032 854 1088 nobie,
878 1046 976 1079 nec
996 1031 1159 1078 amica
1179 1025 1429 1077 merenti!
1465 1036 1532 1083 55

164 1122 396 1181 Perfida,
435 1121 551 1179 sed,
590 1120 835 1185 quamvis
868 1117 1091 1184 perfida,
1128 1133 1241 1164 cara
1271 1126 1460 1165 tamen.

85 1210 260 1261 Naida
282 1210 514 1258 Bacchus
540 1217 701 1265 amat;
743 1204 921 1262 ceffas,
961 1222 993 1254 o
1023 1205 1165 1252 lente
1190 1200 1463 1252 minister?

165 1302 449 1365 Temperet
473 1294 732 1345 annosum
755 1294 958 1345 Marcia
988 1291 1211 1358 lympha
1238 1305 1464 1339 merum.

143 1499 211 1547 46.
235 1497 393 1548 sordida
425 1498 583 1545 lingua)
614 1496 664 1532 est
694 1507 786 1531 ava—

88 1570 152 1591 rae
173 1555 347 1604 puellae,
387 1568 483 1602 quae
507 1553 712 1589 blanditias
732 1563 778 1586 eo

89 1611 252 1647 consilio
289 1611 467 1650 adhibet,
518 1619 562 1644 ut
598 1608 780 1643 miserum

89 1679 299 1703 amatorem
336 1666 531 1713 exspoliet.

147 1730 213 1770 48.
245 1718 642 1769 Ιιιηοιιεηιᾳιιεξῄιανη)
673 1733 711 1754 n.
736 1729 783 1754 ut

90 1780 234 1816 Genius
257 1780 450 1815 virorum,
481 1778 530 1811 sic
550 1778 651 1812 Iuno
672 1775 784 1810 femi-

90 1849 226 1872 narum
248 1846 337 1870 erat.
378 1836 432 1868 Ita
449 1835 637 1868 Iunonem
658 1844 783 1866 mean]

90 1893 227 1929 iratam
256 1891 438 1925 habeam!
480 1891 553 1923 Res
577 1887 781 1923 notiffima·

89 1961 128 1983 v.
148 1947 230 1996 post
249 1946 345 1981 alios
368 1948 548 1981 Burman.
569 1944 615 1978 ad
629 1945 781 1978 Petron-

92 2012 159 2047 25.
183 2002 229 2038 cf.
257 2003 325 2037 inf.
350 2002 414 2042 lV,
448 2010 508 2044 13,
535 2008 596 2042 15.
631 2001 687 2043 (et
711 2000 780 2039 IV,

93 2060 131 2099 6,
160 2074 192 2094 1.
225 2058 430 2106 Corruptis
456 2068 582 2092 tamen
604 2055 782 2089 moribus

92 2117 194 2150 Iuno
213 2114 392 2148 virorum
413 2125 569 2161 quoque
592 2111 781 2146 effemina-

94 2181 223 2205 torum
245 2171 388 2204 Genius
409 2169 496 2207 fuit,
527 2178 570 2202 ut
591 2166 786 2202 Iuvenalis

95 2226 229 2266 docet,
262 2227 336 2261 Sat.
358 2227 407 2266 Π,
439 2232 524 2270 98.:

177 2282 233 2317 Ec
261 2296 326 2330 per
354 2283 530 2316 Iunonem
561 2280 703 2315 domini
734 2280 787 2313 iu·

326 2346 427 2373 rante
453 2335 628 2384 ministro.
659 2336 744 2376 VV.)

95 2396 195 2431 Mox
216 2404 279 2442 49.
298 2394 437 2441 iunge:
485 2392 572 2442 Etsi
603 2411 652 2420 —
685 2391 788 2425 nulla

96 2462 223 2486 tamen
256 2450 359 2497 fides
399 2451 518 2483 inerit.
559 2450 606 2484 H.
630 2447 635 2451 ¹
688 2449 785 2481 Rem

95 2506 195 2543 belle
228 2504 403 2541 tractavit
425 2503 599 2540 Catullus
626 2514 686 2548 70.
717 2504 781 2538 W.

153 2571 219 2609 49.
252 2562 413 2610 periuria
435 2561 529 2594 ridet
557 2563 669 2602 caet.)
708 2559 786 2592 Ex-

96 2618 224 2667 prefflt
241 2618 345 2653 hunc
364 2617 497 2652 locum
519 2615 688 2652 Ovidius
706 2616 785 2651 Art.

97 2676 185 2711 Am.
217 2677 245 2716 Ι,
280 2677 393 2733 655·

1409 1376 1544 1425 Non

904 1494 1044 1543 Iupiter
1074 1505 1119 1528 ex
1147 1492 1227 1528 alto
1255 1491 1417 1540 periuria
1446 1489 1543 1523 ridet:

1080 1558 1269 1583 amantum

944 1604 1000 1641 Et
1023 1606 1121 1641 iubet
1142 1605 1295 1640 Aeolios
1317 1605 1423 1639 irrita
1438 1600 1542 1648 ferre

1081 1662 1214 1697 Notos.

849 1718 974 1756 Aliter
1006 1731 1087 1753 rem
1120 1717 1230 1764 supi-a
1253 1719 1281 1756 1,
1309 1725 1346 1760 4,
1369 1725 1434 1751 21.
1467 1724 1540 1749 tra-

851 1786 988 1811 ctatam
1012 1774 1198 1809 vidimus.
1229 1775 1296 1808 W.

909 1838 974 1874 55.
1006 1833 1152 1878 Iunge:
1205 1843 1270 1864 nec
1307 1829 1435 1862 merito
1461 1839 1544 1875 per-

843 1886 932 1935 fida
963 1886 1094 1926 nobis,
1130 1899 1195 1920 nec
1226 1887 1378 1920 merenti
1408 1885 1542 1918 amica.

849 1942 889 1978 h.
912 1942 1014 1977 mihi
1031 1942 1229 1977 immerito
1249 1940 1411 1989 perfida,
1432 1937 1545 1973 alteri

850 1999 1013 2034 amatori
1032 2011 1112 2032 non
1137 1997 1303 2032 merenti
1322 1997 1456 2033 amica.

908 2063 970 2098 57.
1000 2055 1130 2090 Naida
1160 2055 1319 2090 Bacchus
1349 2053 1471 2100 amat)
1501 2052 1544 2090 h.

848 2124 944 2159 aqua
961 2111 1260 2145 miscerivinum
1284 2108 1460 2157 postulat.
1491 2110 1544 2143 H.

854 2164 1042 2213 Minister.
1102 2165 1335 2214 Alloquitur
1364 2177 1544 2214 puerum,

854 2234 897 2258 ut
934 2224 1035 2271 supr.
1075 2236 1115 2258 v.
1148 2230 1185 2265 5.
1253 2222 1455 2257 Caeterum
1495 2221 1546 2259 cf.

852 2279 1078 2316 IloratLOd.
1102 2281 1150 2319 ΙΙ,
1174 2278 1241 2319 XI,
1270 2283 1424 2324 18-20.
1445 2277 1543 2324 ibiq-

853 2335 1068 2370 Mitscherl.
1100 2337 1163 2372 W.

912 2398 973 2436 53.
1016 2392 1172 2428 Marcia
1214 2389 1401 2440 lympha)
1437 2401 1456 2422 a
1497 2387 1546 2435 Q·

855 2448 1004 2482 Marcio
1038 2451 1142 2496 Rege
1173 2447 1216 2482 in
1250 2446 1383 2483 urbem
1419 2445 1547 2486 ducta,

854 2515 891 2539 et
918 2517 938 2538 a
966 2504 1012 2550 Q.
1044 2504 1195 2541 Marcio
1224 2505 1329 2550 Rege
1357 2503 1549 2541 Praetore‚

852 2559 997 2595 iterum
1037 2561 1082 2596 ab
1120 2560 1313 2607 Agrippa,
1364 2557 1547 2593 restituta.

853 2616 950 2650 Plin.
986 2618 1132 2655 XXXI,
1155 2625 1192 2658 5.
1225 2615 1247 2648 s.
1275 2620 1338 2659 24.
1387 2612 1547 2662 Clarssi·

857 2685 916 2708 ma
959 2686 1134 2721 aquarum
1178 2672 1341 2708 omnium
1386 2671 1423 2704 in
1466 2678 1550 2705 toto

1450 2726 1550 2764 orbe.
