1752 2974
502 117 636 159 LIB.
667 118 702 159 Ι.
762 117 965 159 ELEG.
998 117 1085 161 VI.
1460 121 1517 169 81.

60 237 127 285 Et
148 236 285 284 mihi
309 234 409 286 [int
427 235 591 285 durae
613 236 786 301 leges:

822 236 1040 286 laudare
1068 253 1167 286 nec
1198 237 1365 289 ullam

138 323 322 373 Poffim
352 341 468 389 ego,
502 324 637 387 quin
668 323 852 372 oculos
875 334 1082 390 appetat
1105 325 1199 372 illa
1219 343 1399 387 meos;
1442 342 1514 390 70

60 412 128 460 Et
164 409 201 458 fi
232 410 365 475 quid
399 409 624 475 peccasse
646 419 829 475 puter,
867 410 1136 477 ducarque
1156 414 1359 479 capillis

134 499 436 556 Immerito,
473 514 668 564 pronas
697 498 1074 566 proripiarque
1105 501 1234 550 vias.

58 717 102 752 in
125 717 215 756 Vita
238 715 388 755 Tibull.
409 720 443 767 §-
470 718 533 763 65.
563 720 612 756 Η.
657 720 755 768 Ayr·

58 775 192 809 manni
228 776 448 810 sententiam
469 771 471 773 ’
491 776 657 812 refutare
692 777 753 813 vi-

59 829 211 874 dentur
234 842 270 865 et
298 832 427 868 versus
449 831 589 867 Ovidii
611 834 684 881 Ep.
707 845 755 867 ex

56 886 169 921 Pont.
189 888 272 928 ΙΙΙ,
299 896 342 930 3,
364 894 416 934 49
439 907 495 915 -—-
517 896 581 931 52.

115 954 191 988 Scis
216 963 351 992 tamen,
384 964 423 989 ut
443 956 587 1005 liquido
613 958 755 991 iuratus

290 1011 408 1045 dicere
433 1009 557 1058 poffis.

172 1066 261 1101 Non
306 1081 361 1100 me
402 1067 602 1113 legitimos
625 1066 753 1115 solici-

280 1121 370 1170 tqffe
399 1132 517 1157 toros‘

114 1176 329 1226 Scripfimus
351 1178 439 1212 llaec
464 1175 551 1224 istis,
584 1191 751 1226 quarum

279 1246 348 1268 nec
375 1234 474 1268 vitta
501 1234 667 1283 pudicos

171 1288 377 1336 Contingit
399 1290 544 1331 crines,
571 1303 641 1325 nec
661 1289 754 1326 stola

275 1343 395 1392 longa
420 1345 549 1393 pedes.

56 1422 228 1460 quorum
285 1410 514 1458 posteriores
576 1426 624 1448 ex
677 1413 755 1449 hoc

56 1469 165 1503 fonte
197 1466 381 1506 manasse,
423 1468 666 1504 Abrahamus
708 1470 754 1504 ad

55 1522 230 1570 Philipp.
255 1523 332 1557 Cic,
357 1525 416 1563 II,
443 1536 473 1558 c.
504 1531 566 1568 18.
596 1539 633 1573 p.
660 1524 752 1568 466.

59 1579 105 1613 de
135 1577 223 1613 stola
259 1579 407 1613 erudite
442 1592 555 1626 agens
578 1581 754 1616 observa-

56 1635 129 1670 vit.
165 1654 214 1661 -—
248 1635 427 1680 impediat
451 1648 524 1683 pro
557 1636 750 1676 involvat,

55 1689 217 1739 proprie
251 1690 296 1724 de
327 1691 505 1737 pedibus,
556 1693 625 1740 qui
647 1690 752 1740 stola

55 1747 172 1794 longa
201 1745 241 1781 h.
266 1759 297 1780 e.
333 1746 379 1780 ad
408 1746 503 1782 talos
535 1761 657 1796 usque
691 1748 754 1782 de-

53 1803 161 1838 miffa
185 1812 380 1850 teguntur.
439 1804 501 1838 De
522 1804 657 1839 vestitu
678 1818 757 1839 ma-

57 1868 258 1898 tronarum,
283 1859 425 1898 omnia,
449 1868 677 1907 togatarum,
696 1859 755 1895 nil

55 1915 136 1950 fere
194 1914 401 1961 obtegente
461 1916 655 1952 videndus
706 1916 755 1951 est

55 1972 191 2005 Horat.
215 1972 289 2005 Sat.
312 1971 341 2011 1,
367 1981 404 2011 2,
430 1977 550 2019 94-
570 1979 660 2016 104.
684 1974 751 2009 W.

118 2059 182 2107 69.
211 2060 268 2095 Et
289 2060 378 2096 mihi
390 2060 471 2111 fint
494 2062 531 2098 d.
552 2063 605 2106 l.)
646 2062 751 2098 Haec

57 2127 183 2163 usque
234 2117 279 2151 ad
318 2118 399 2153 vias
437 2119 756 2154 conditionaliter

56 2171 197 2220 scripta
218 2172 262 2206 ad
287 2172 406 2208 verba
433 2175 491 2208 Sic
511 2176 621 2210 modo
642 2173 754 2223 casta,

58 2228 153 2263 doce
182 2228 235 2262 ita
267 2228 464 2264 referenda
497 2231 604 2267 sunt:
646 2232 756 2267 Delia

50 2283 88 2331 fi
128 2281 334 2332 castitatem
371 2287 461 2322 mihi
497 2285 674 2335 praestet:
719 2299 755 2324 et

58 2339 152 2375 mihi
183 2351 253 2375 cet.
274 2357 329 2367 —-·
359 2341 417 2377 Ad
436 2343 536 2390 leges
557 2344 603 2379 cf.
631 2346 691 2384 Π,
714 2350 752 2390 4,

63 2402 127 2438 52.
163 2406 199 2430 et
230 2396 324 2432 Not.
357 2398 403 2432 ad
424 2399 502 2440 IV,
529 2409 592 2442 15,
618 2410 654 2434 2.
686 2402 751 2437 W.

62 2451 176 2486 durae
211 2452 322 2500 leges.
375 2453 504 2501 quales
536 2457 652 2491 victis
681 2456 754 2491 im-

60 2519 284 2555 ponuntur3
343 2509 435 2543 inde
486 2510 659 2548 ductum.
712 2527 752 2551 v.

62 2562 239 2598 Broukh.
297 2566 403 2612 Quae
435 2566 674 2614 sequuntur,
706 2569 752 2604 de

62 2617 134 2658 fua,
146 2620 266 2654 amica
288 2622 545 2669 conqueritur
566 2623 688 2661 Ovid.
699 2627 752 2660 ΙΙ.

61 2673 149 2710 Am.
177 2671 222 2720 ᾖ,
249 2685 285 2721 7.

1383 590 1519 646 Non

878 719 920 754 Si
976 729 1086 770 quam
1134 716 1308 764 laudavi,
1369 721 1518 773 miseros

1040 778 1140 824 petis
1169 793 1292 826 ungue
1318 782 1486 827 capillos.

821 832 1022 875 (Eandem
1058 843 1184 868 tamen
1216 849 1297 869 rem
1319 837 1391 872 fibi
1412 847 1521 886 optat

821 890 903 925 Art,
931 890 993 928 ΙΙ,
1028 896 1103 932 45ι
1126 896 1258 937 -54.
1291 892 1385 938 W.)
1446 895 1518 929 Ce-

823 955 948 978 terum
988 944 1081 979 haec
1125 957 1163 981 et
1192 946 1286 986 alia,
1333 961 1428 996 quae
1470 950 1517 985 de

819 999 1048 1035 incredibili
1099 1003 1311 1037 amantium
1367 1005 1516 1046 furore,

820 1056 940 1094 rixis,
988 1056 1244 1099 verberibus,
1293 1071 1519 1102 occurrunt.

821 1121 865 1145 ut
894 1111 1001 1158 snpra
1029 1124 1068 1148 V.
1096 1121 1156 1155 15.
1185 1120 1246 1156 14.
1278 1118 1518 1152 morsiuncu-

820 1164 878 1200 lae
900 1178 964 1201 aut
982 1168 1131 1203 morsus
1155 1170 1312 1218 potius,
1346 1185 1518 1219 quorum

822 1232 936 1257 notae
956 1223 1158 1265 restarent,
1191 1226 1307 1260 etiam
1330 1227 1431 1263 fores
1456 1241 1520 1263 ex-

821 1289 1026 1325 pugnatae,
1052 1281 1256 1316 excubatio
1283 1293 1369 1318 ante
1388 1283 1522 1319 ianuas

823 1345 860 1369 et
878 1333 973 1375 alia,
1006 1336 1134 1371 nescio
1165 1339 1285 1372 fintne
1310 1338 1413 1374 inter
1433 1353 1520 1375 nio-

821 1403 910 1424 rum
937 1391 1080 1425 veteris
1103 1393 1248 1427 Rornae
1268 1393 1520 1438 characteres,

823 1459 869 1480 an
896 1446 998 1480 inter
1021 1445 1223 1483 calidioris
1245 1449 1441 1496 sanguinis
1463 1465 1523 1487 ar-

823 1512 1006 1548 gumenta
1059 1501 1245 1539 habenda.
1321 1506 1522 1543 Testantur

822 1557 966 1597 saltem,
998 1559 1291 1605 exquifitiorern
1313 1563 1377 1595 wi·
1406 1562 1519 1598 καλοῦ

821 1613 967 1647 sensum
1016 1613 1062 1649 ab
1106 1615 1267 1650 istorum
1309 1616 1518 1652 hominum

821 1668 1002 1704 moribus
1025 1680 1061 1704 et
1080 1670 1250 1718 ingeniis
1271 1670 1440 1706 multum
1453 1674 1520 1709 ab-

824 1724 944 1760 fuisse.
1017 1727 1118 1761 Bene
1147 1726 1276 1762 saltem
1311 1729 1522 1765 nobiscum

824 1780 966 1829 agitur,
1004 1783 1111 1830 quod
1140 1796 1160 1818 a
1183 1783 1319 1820 nostris
1341 1785 1520 1822 moribus

824 1835 947 1872 aliena
971 1837 1039 1872 illa
1064 1840 1160 1874 sunt.
1192 1840 1243 1876 H.
1305 1854 1370 1875 nec
1391 1841 1519 1878 ullam.

821 1894 1119 1930 Animadvertas
1158 1897 1363 1933 notionem
1402 1898 1523 1945 parti-

823 1949 930 1985 culae
952 1964 1027 1990 nec,
1061 1953 1299 1988 Graecorum
1322 1953 1519 1990 vocabulo

818 2004 884 2043 ἓδὲ
906 2007 1196 2055 respondentis,
1231 2020 1270 2045 et
1297 2009 1400 2044 idem
1427 2010 1518 2051 fere,

821 2062 929 2111 quod
963 2076 1008 2097 ne
1034 2084 1083 2091 -
1107 2065 1277 2114 quidem,
1307 2064 1521 2113 significan-

824 2120 886 2155 tis.
947 2119 1029 2155 Cic.
1063 2120 1218 2156 Tuscul.
1252 2123 1294 2162 Ι,
1321 2122 1385 2157 26.
1419 2123 1521 2173 Quid

824 2173 874 2223 efi
903 2177 999 2210 enim
1030 2178 1206 2212 memoria
1237 2192 1355 2213 rerum
1385 2187 1422 2213 et
1439 2193 1517 2214 ver-

823 2232 980 2268 borum?
1012 2233 1183 2281 Profecto
1206 2235 1266 2274 ἰιί,
1296 2248 1369 2285 quo
1392 2248 1456 2269 nec
1479 2237 1517 2268 in

822 2289 892 2323 deo
937 2290 1140 2338 quidquam
1188 2292 1305 2326 maius
1356 2291 1519 2337 intelligi

819 2342 950 2393 potest.
1001 2345 1049 2380 cf.
1088 2345 1193 2382 Obff.
1230 2346 1276 2381 ad
1306 2349 1349 2387 Ι,
1379 2356 1416 2386 2,
1451 2353 1517 2393 95.

823 2401 864 2436 Si
905 2401 993 2449 quis
1033 2401 1127 2436 haec
1159 2415 1234 2450 pro
1266 2416 1332 2437 nec
1363 2402 1517 2437 laudare

822 2458 994 2506 accipere
1014 2457 1138 2498 malit,
1172 2458 1225 2493 ita
1246 2469 1289 2493 ut
1307 2472 1377 2506 per
1397 2471 1516 2505 copu-

821 2511 899 2547 lam
932 2512 1035 2562 leges
1066 2524 1337 2554 annectantur,
1370 2513 1405 2548 ei
1425 2525 1518 2548 con-

820 2568 1054 2617 fugiendum
1077 2569 1150 2605 erit
1172 2570 1218 2604 ad
1240 2572 1271 2608 Ι,
1292 2581 1330 2616 9,
1357 2578 1419 2612 13.
1451 2569 1519 2605 W.

880 2636 945 2669 72.
974 2639 1113 2675 pronas
1141 2645 1197 2652 —-
1224 2625 1334 2672 vias)
1365 2625 1521 2660 descen-

823 2680 954 2717 dentes
988 2694 1008 2717 ε.
1036 2680 1207 2719 collibus
1232 2682 1276 2717 in
1295 2680 1517 2731 planitiem,

895 2738 926 2773 F
1470 2748 1517 2773 ut
