1752 2974
480 146 611 188 LIB.
642 146 675 186 Ι.
736 146 939 186 ELEG.
960 146 1055 186 JV.

122 262 393 322 Affirmes,
435 264 604 311 crines
637 275 840 328 perque
867 263 1115 312 Minerva
1134 261 1270 313 suos.

44 352 114 403 At
148 352 185 401 fi
218 352 544 408 tarduseris,
583 349 777 398 errabis
788 368 802 408 ς,
854 351 1058 399 transiit
1079 361 1212 400 aetas

122 444 294 509 Quam
315 437 442 488 cito!
479 456 591 488 non
611 436 780 501 segnis
804 435 898 484 stat
916 448 1178 488 remeatve
1201 437 1330 487 dies.

99 658 163 694 26.
207 661 322 694 crines
369 672 504 706 perque
553 658 734 692 flIinerva

35 713 155 762 suos)
188 718 291 751 Inter
322 715 504 750 formosas
538 714 622 748 deas
655 714 730 747 Mi-

42 784 161 805 nerva
196 772 308 805 etiam
337 770 427 804 alias
453 771 637 804 refertur:
671 769 731 803 sed

43 839 151 861 coma
193 827 283 861 deae
323 827 392 862 vix
421 825 517 860 alibi
544 827 585 860 in
617 825 729 860 laude

39 883 245 931 praecipua
265 883 440 921 habetur,
462 893 729 930 praeterquam

40 938 82 972 in
102 938 230 974 fabula
253 939 298 973 de
322 938 501 977 Medusa,
532 938 641 972 cuius
671 951 729 972 ca-

39 994 159 1042 pillos
191 995 229 1028 in
250 996 437 1043 serpentes
458 1005 626 1028 mutatos
644 1007 729 1027 uar-

39 1063 172 1085 ravere
193 1050 384 1089 nonnulli,
415 1049 522 1096 quod
550 1050 639 1083 deae
660 1048 729 1081 illa

38 1106 73 1141 se
105 1106 338 1155 praetulisset
363 1107 508 1140 formae
538 1115 573 1139 et
595 1116 726 1138 comae

41 1162 190 1198 decore.
259 1162 385 1196 Exstat
426 1161 593 1195 narratio
626 1159 727 1207 apud

40 1219 219 1256 Servium
252 1218 298 1252 ad
329 1220 422 1252 Aen.
459 1217 531 1257 VI,
567 1223 658 1261 239.
692 1226 729 1250 et

38 1274 83 1318 τῇ
105 1272 245 1321 Ἀθηνᾷ
277 1275 368 1321 πρὸς
391 1272 522 1312 κάλλος
545 1270 732 1320 ἀντήριζεν

39 1331 87 1366 est
118 1331 219 1378 apud
253 1332 431 1365 Tzetzam
462 1329 508 1363 ad
530 1329 728 1376 Lycophr.

38 1394 132 1431 858.
164 1387 265 1421 unde
298 1386 434 1432 colligi
455 1384 598 1432 potest,
632 1384 728 1420 olim

40 1443 85 1478 de
129 1444 331 1478 Minervae
387 1455 496 1476 coma
532 1441 644 1489 plura
684 1442 727 1476 in

38 1500 164 1547 poetis
207 1499 423 1535 occurrisse,
494 1498 566 1531 Fac
601 1508 726 1532 tamen

37 1555 114 1589 hoc
147 1555 201 1590 ita
242 1555 275 1589 se
308 1567 388 1588 non
419 1553 612 1593 habuisse,
662 1567 727 1588 ne-

38 1610 178 1646 ceffitas
198 1610 303 1645 nulla
327 1610 424 1647 suit,
455 1622 552 1656 quae
572 1616 727 1657 poetam

38 1678 193 1714 cogeret
224 1678 438 1701 memorare
470 1665 513 1699 in
544 1665 612 1699 dea
642 1678 728 1699 ean-

39 1722 124 1757 dem
148 1723 293 1757 formae
318 1732 487 1770 partem,
520 1734 616 1768 quae
641 1720 727 1756 aliis

37 1792 58 1813 a
87 1779 213 1827 poetis
243 1777 430 1813 celebrata
454 1777 552 1813 esset.
611 1777 729 1825 Apud

36 1836 211 1883 Propert.
239 1836 297 1875 II,
320 1840 392 1878 28,
422 1843 483 1868 12.
513 1832 611 1878 (21,
640 1834 729 1876 14.)

36 1890 167 1939 puella
197 1891 391 1926 iuraverat
421 1904 487 1938 per
504 1890 628 1924 oculos
647 1889 729 1924 Mi-

37 1960 196 1983 nervae:
246 1947 386 1995 quidni
424 1958 528 1981 nunc
557 1960 622 1993 per
654 1948 730 1979 eius

37 2006 186 2038 crines?
212 2018 216 2019 ⁷
243 2004 396 2038 Flavum
443 2002 525 2038 eius
578 2014 727 2037 comam

38 2059 160 2099 fuisse,
192 2058 348 2094 aliunde
368 2058 518 2097 constat,
552 2057 725 2106 epitheto

39 2115 210 2155 adiecto,
229 2115 339 2161 flava
360 2116 562 2153 Minerva,
592 2112 724 2156 ξανθή,

36 2169 208 2218 ἠΰκομος.
265 2174 323 2206 lta
344 2171 485 2206 Statius
506 2182 663 2218 quoque
684 2170 724 2202 Π

39 2230 164 2266 Theb.
210 2234 301 2271 238.
342 2226 412 2262 ubi.
453 2227 499 2262 de
529 2226 657 2261 Diana
688 2235 725 2260 et

38 2287 242 2322 Minerva:

98 2344 258 2391 Utraque
287 2348 392 2374 torva
420 2340 525 2385 genis
545 2337 726 2386 flavoque

318 2397 355 2429 in
375 2398 507 2430 vertice
526 2394 637 2429 nodo.

39 2466 119 2503 quo
140 2452 278 2488 habitu
296 2451 366 2486 vix
382 2464 544 2498 usquam
556 2450 598 2484 in
610 2449 724 2497 signis

39 2521 215 2546 veterum
249 2517 478 2545 occurrunt,
519 2506 581 2540 sed.
613 2518 724 2540 coma

39 2566 117 2602 fere
145 2564 338 2614 promissa.
400 2563 642 2598 Memoratur
671 2572 724 2596 ta-

39 2635 127 2658 men
150 2622 250 2670 apud
271 2618 468 2655 Pollucem
488 2617 557 2654 lib.
585 2619 634 2656 ΙΙ,
657 2624 723 2661 35.

39 2684 102 2719 καὶ
131 2681 369 2730 παραπλέκειν
400 2679 465 2720 τὰς
494 2680 636 2727 τρίχας,
682 2678 737 2713 τὸ,

1313 528 1490 593 Quam

795 649 1026 686 ἀναπλέκων
1067 651 1129 686 καὶ
1166 643 1491 699 παραπεπλεγμὲνὴ

798 711 820 758 ἡ
841 712 992 758 Ἀθηνᾶ,
1018 710 1038 757 ἦ
1065 711 1374 759 ἀιάπὲπλεγμένη.
1412 715 1487 750 Oc·

800 769 976 803 currebat
1024 767 1098 802 hoe
1141 767 1313 812 epitheto
1355 782 1487 806 ornata

797 825 977 858 Minerva
1000 822 1144 858 alicubi
1160 823 1201 856 in
1225 834 1351 859 vetere
1372 836 1487 875 poeta

795 877 1146 925 παραπεπλεγμένη,
1206 878 1310 914 haud
1368 882 1487 918 dubie

797 949 838 969 ea
861 934 906 968 de
928 936 1043 971 causa,
1065 935 1170 981 quod
1193 935 1374 983 capillum
1399 939 1488 973 reli·

796 1002 928 1037 gutum
976 1001 1012 1024 et
1053 990 1258 1025 collectum
1300 992 1486 1033 habebat:

785 1046 932 1091 flavum
958 1048 995 1079 in
1020 1049 1152 1080 vertice
1174 1048 1324 1084 nodum.
1385 1051 1489 1087 Nam

795 1101 996 1135 cincinnos
1023 1114 1041 1134 e
1066 1103 1215 1136 cervice
1233 1103 1490 1151 dependentes

794 1156 865 1190 vix
895 1155 996 1190 illud
1027 1168 1170 1192 nomon
1202 1158 1394 1205 designare
1417 1177 1488 1210 po-

798 1213 895 1252 tuit‚
947 1212 1053 1259 quod
1101 1212 1260 1260 putabat
1309 1216 1489 1253 Winkel-

797 1282 925 1303 mann.
958 1270 1137 1304 Monam.
1170 1270 1273 1306 ined.
1298 1285 1337 1320 p.
1366 1285 1426 1321 19.
1452 1286 1490 1310 et

796 1325 839 1359 in
859 1325 1040 1360 Annotat.
1066 1326 1112 1359 ad
1132 1325 1227 1360 Hist.
1247 1327 1328 1363 Art.
1354 1343 1392 1376 p.
1418 1338 1487 1376 48.

796 1383 845 1416 Η.
915 1381 996 1417 vid.
1051 1381 1157 1417 Obss.
1202 1401 1255 1409 --
1305 1385 1488 1422 Ceterum

797 1437 923 1475 causa,
952 1450 1020 1472 cur
1045 1450 1114 1484 per
1136 1440 1327 1475 Iunonem
1351 1452 1388 1476 et
1411 1445 1488 1478 Mi-

794 1505 954 1527 nervam
974 1492 1012 1528 h.
1035 1492 1061 1526 l.
1086 1494 1250 1534 iuretur,
1283 1509 1301 1529 a
1325 1497 1489 1534 castitate

796 1549 952 1583 dearum
985 1550 1126 1583 eximia
1147 1553 1356 1597 repetenda
1379 1554 1486 1590 vide-

795 1615 869 1638 tur.
913 1606 1024 1640 Certe
1045 1607 1109 1646 IV,
1136 1615 1197 1648 15,
1221 1614 1282 1649 15.
1315 1607 1487 1645 alienum

796 1659 841 1694 ab
874 1660 950 1695 hoe
979 1660 1079 1696 loco.
1112 1663 1176 1697 W.

854 1726 920 1760 27.
952 1716 1053 1766 Acfi
1076 1718 1204 1752 tardus
1227 1721 1326 1767 eris)
1357 1724 1484 1758 tardus

796 1772 836 1807 h.
878 1771 904 1806 l.
954 1773 1141 1820 ignavus,
1192 1776 1485 1820 somniculosus,

798 1838 1018 1869 cunctator,
1066 1830 1135 1878 qui
1182 1831 1337 1867 consilia
1386 1836 1484 1870 exse-

797 1885 948 1933 quenda
991 1886 1032 1920 in
1076 1886 1177 1921 diem
1217 1888 1357 1924 differt.
1427 1891 1489 1926 Ad

797 1940 1042 1977 constantiam
1082 1953 1119 1977 et
1159 1946 1413 1991 pertinaciam
1443 1947 1487 1982 in

794 1997 968 2032 instituto
997 1998 1223 2035 adhortatus
1249 2012 1350 2042 erat;
1380 2015 1486 2037 nunc

793 2053 895 2088 illud
915 2053 1079 2094 subiicit,
1116 2056 1222 2103 quod
1243 2057 1284 2091 iu
1311 2070 1488 2105 quocun-

793 2124 867 2158 que
917 2110 1073 2159 incepto
1123 2113 1339 2148 meminisse
1389 2126 1486 2162 opus

793 2166 859 2206 est,
911 2177 955 2201 ut
993 2180 1063 2201 nec
1090 2168 1235 2203 interea
1269 2169 1414 2204 otietur
1445 2183 1485 2204 ac

792 2222 976 2263 ferietur,
1023 2223 1082 2258 sed
1113 2235 1157 2258 ut
1184 2225 1250 2259 suo
1285 2225 1396 2273 operi
1424 2225 1482 2259 in-

793 2289 920 2314 tentus
941 2279 1110 2327 quodvis
1132 2291 1282 2329 tempus
1306 2293 1479 2316 commo-

791 2335 907 2376 dum,
935 2336 1111 2383 quamvis
1146 2338 1380 2372 occasionem
1412 2349 1478 2385 op-

788 2403 994 2440 portunam
1017 2402 1244 2440 aucupetur,
1266 2406 1313 2428 ne
1334 2393 1480 2427 interea

789 2458 942 2496 tempus
966 2462 984 2483 e
1004 2448 1183 2483 manibus
1208 2448 1388 2484 elabatur.
1426 2449 1477 2483 H.

792 2513 843 2546 27
876 2521 932 2530 --
965 2514 1028 2552 29.
1097 2503 1278 2540 Tibullus
1326 2516 1480 2552 praece-

790 2571 924 2609 ptum:
956 2561 998 2595 in
1030 2570 1149 2596 aetate
1175 2558 1335 2595 florente
1357 2559 1482 2594 amori

792 2616 861 2652 effe
891 2616 1199 2664 indulgendum,
1246 2617 1324 2651 susc
1358 2615 1481 2663 perse-

791 2681 903 2710 cutus
937 2672 1007 2715 est,
1040 2685 1087 2708 ex
1115 2683 1249 2708 natura
1276 2672 1340 2706 sua
1364 2682 1477 2719 atque

866 2730 904 2765 D
1321 2741 1341 2761 e
1364 2740 1475 2762 more
