1752 2974
178 133 232 174 62
622 119 826 162 ALBII
885 115 1179 158 TIBVLLI

257 243 528 308 Pressaque
564 239 738 289 veloci
771 234 990 283 candida
1023 231 1186 282 musta
1209 231 1373 296 pede3

181 333 497 387 Consuescet
515 339 788 377 numerare
803 339 980 388 pecus,
1001 318 1298 370 consuescet
1314 319 1531 367 amantis
1557 332 1584 365 2
1597 328 1624 376 5

261 420 519 470 Garrulus
558 417 615 462 in
643 411 889 460 dominae
931 409 1116 457 ludere
1147 424 1303 455 verna
1336 406 1476 465 llnu;

182 513 277 562 Illa
316 509 415 556 deo
447 503 569 550 sciet
605 498 860 564 agricolae
891 514 989 562 pro
1010 496 1212 544 vitibus
1235 510 1412 550 uvam,

257 601 356 645 Pro
387 592 551 655 segete
588 587 775 653 spicas,
814 600 912 648 pro
937 599 1090 646 grege
1112 581 1250 630 ferre
1274 581 1476 646 dapem.

185 687 276 738 Illa
309 689 452 744 regat
481 684 723 730 Cunctos,
762 672 844 719 illi
874 669 969 717 sint
994 671 1170 717 onmia
1195 685 1374 726 curae,

263 775 329 821 Et
364 769 517 817 iuvet
546 767 605 814 in
632 772 741 812 tota
759 776 844 809 me
865 758 1006 807 nihil
1028 754 1124 804 esse
1147 755 1323 805 domo.

189 1006 257 1041 Ge.
282 1004 323 1042 Ι,
348 1000 439 1037 262.
469 997 590 1034 Iidem
614 994 709 1031 dicti
730 995 875 1030 naviae.

188 1073 228 1097 v.
250 1062 341 1094 Stat.
365 1058 409 1091 ad
435 1056 471 1090 h.
501 1056 523 1091 l.
550 1055 595 1089 cf.
619 1052 793 1087 Broulzh.

251 1123 315 1158 25.
355 1111 569 1161 Consuescet:
599 1121 788 1144 numerare
819 1120 880 1155 pe·

190 1171 279 1219 cus)
316 1169 447 1212 „haec
483 1168 527 1202 de
556 1164 694 1200 Delia:
729 1174 764 1199 at
793 1163 883 1198 reli·

191 1242 265 1277 qua
308 1228 353 1261 de
387 1222 548 1259 Tibullo
580 1219 844 1268 intelligenda.
859 1222 884 1238 ‘⁶

190 1287 250 1321 Ita
291 1283 384 1318 olim
426 1290 626 1327 perperam
667 1276 885 1311 statuebam.

190 1343 320 1376 Immo
344 1339 389 1372 de
402 1335 515 1371 Delia
537 1343 641 1368 totus
666 1330 775 1366 locus
794 1331 884 1378 agit.

190 1398 247 1433 Ea
276 1395 370 1430 adeo
400 1393 457 1426 rei
476 1389 633 1425 rusticae
662 1387 888 1421 adsuefaciet

193 1453 380 1490 animum,
404 1457 448 1481 ut
470 1444 677 1494 puerulum
702 1455 748 1476 ex
770 1454 886 1475 verna

192 1519 328 1546 :natum
374 1502 523 1552 gremio
566 1499 789 1533 infidentem
834 1507 887 1531 te-

193 1574 294 1602 neat,
327 1574 373 1596 ex
393 1560 553 1604 eiusque
576 1552 799 1603 garrulitate
819 1565 889 1588 vo·-

193 1619 384 1668 luptatem
419 1613 554 1660 capiat.
627 1610 777 1645 Inversa
808 1620 887 1644 tan·

195 1687 277 1712 tum
302 1688 320 1708 a
341 1679 452 1721 poeta
476 1668 523 1703 est
544 1667 679 1703 oratio.
727 1666 887 1713 Proprie

195 1733 273 1780 ipsa
303 1727 516 1765 consuescet
537 1723 669 1758 ludere
693 1734 780 1755 cum
802 1733 889 1756 ver-

195 1801 268 1828 na3
323 1796 424 1820 nuuc
473 1791 598 1815 autem
641 1790 759 1812 verna
800 1789 890 1812 con-

196 1844 336 1881 suescet
359 1839 490 1874 ludere
511 1838 552 1871 in
577 1834 769 1873 dominae,
803 1845 890 1867 eum

198 1909 381 1936 amantis,
423 1896 514 1928 (inu.
571 1889 798 1925 Tenendum
831 1902 894 1923 au-

198 1968 275 1992 tem
308 1953 375 1992 est,
404 1951 506 1985 inter
537 1946 689 1982 rusticas
713 1959 804 1994 opes
828 1940 891 1978 h'a-

197 2013 325 2049 bitum
365 2006 495 2044 fuiss'e,
547 2006 570 2038 fi
617 2001 703 2049 quis
745 2002 891 2036 multos

197 2079 341 2118 pueros
384 2062 542 2097 haberet
574 2057 683 2093 domi
714 2069 822 2093 natos
857 2067 893 2091 et

199 2122 392 2161 nutritos·,
421 2118 466 2153 cf.
491 2117 561 2152 inf.
582 2117 642 2152 ΙΙ,
671 2126 711 2154 ι,
738 2124 824 2156 25.;
858 2123 894 2147 et

200 2180 274 2216 hos
321 2187 451 2213 vernas
497 2169 697 2207 liberalius
739 2170 893 2205 habitos

201 2234 341 2272 ceteris
403 2230 520 2265 servis
591 2241 632 2263 ac
692 2227 893 2273 mancipiis.

200 2292 306 2329 Hinc
348 2287 527 2324 dicacitas
565 2283 632 2318 illa
674 2294 894 2319 vernarum,

203 2361 301 2396 quae
327 2345 442 2381 etiam
465 2341 657 2378 vernilitas
677 2339 786 2373 dicta.
851 2339 896 2371 In

202 2405 305 2452 seqq.
348 2411 414 2444 27.
455 2405 520 2442 23.
563 2397 705 2432 iterum
736 2394 894 2441 religio-

204 2461 280 2497 sam
311 2455 461 2507 puellae
490 2463 657 2489 mentem
681 2451 894 2499 repraesen-

204 2515 315 2552 tavit.
356 2515 405 2549 H.
472 2512 576 2545 Haec
621 2518 658 2543 et
705 2505 896 2553 sequentia

203 2574 280 2608 fine
312 2567 452 2618 copula
480 2565 661 2602 adiunxit
686 2561 895 2600 Tibullus;

204 2628 252 2664 de
275 2641 349 2676 qua
368 2622 547 2660 nectendi
568 2621 718 2656 ratione
732 2619 774 2652 in
791 2616 895 2653 Obss'.

204 2684 282 2733 egi.
336 2681 399 2718 Ad
428 2692 513 2717 tem
545 2678 638 2714 facit
672 2675 781 2723 Virg‚
813 2671 896 2711 Ecl.

1564 765 1634 809 50

1518 843 1639 889 Huc

947 992 1030 1030 ΙΙΙ,
1064 993 1128 1032 54.
1177 988 1312 1036 Bisque
1349 984 1409 1019 die
1446 958 1640 1018 ¹munerant

950 1048 1059 1082 ambo
1090 1057 1208 1093 pecus.
1241 1044 1304 1077 W.

1009 1134 1073 1168 27.
1118 1130 1180 1167 28.
1230 1122 1298 1156 deo
1337 1139 1391 1148 —-
1429 1111 1642 1166 agricolae)

951 1182 1091 1228 Priapo
1121 1189 1228 1227 puto.
1270 1190 1308 1210 v.
1350 1175 1455 1210 Obff.
1487 1174 1535 1209 οἱς
1564 1174 1644 1220 sup.

953 1238 1011 1272 El.
1040 1249 1080 1276 1,
1111 1241 1168 1277 ¹4·
1233 1235 1304 1268 Aut
1333 1244 1427 1267 vero
1451 1231 1486 1264 ei
1507 1229 1645 1276 primi-

955 1294 1026 1328 tias
1059 1289 1216 1339 apponit
1247 1286 1376 1336 puella
1409 1284 1644 1322 vindemiae,

955 1347 1076 1383 mellis
1108 1357 1143 1381 et
1174 1345 1343 1383 feturae,
1375 1351 1440 1376 aut
1462 1350 1552 1374 vota
1573 1334 1644 1386 pro

957 1405 1006 1439 iis
1039 1415 1079 1437 ac
1112 1413 1242 1449 preces
1271 1400 1372 1434 facit.
1442 1390 1545 1443 Daps
1583 1408 1646 1427 au·

958 1471 1033 1495 tem
1086 1456 1242 1505 proprie
1286 1455 1386 1489 dicta
1431 1453 1472 1486 in
1515 1462 1646 1485 vetere

958 1514 1159 1549 aon-estium
1199 1511 1410 1558 religione,
1461 1509 1506 1542 de
1547 1508 1646 1540 [acro

980 1543 1001 1563 ιο

959 1583 1043 1606 ante
1096 1568 1306 1604 arationem
1372 1576 1409 1600 et
1463 1563 1649 1598 sationem

956 1628 1069 1662 facto.
1099 1638 1137 1660 v.
1162 1626 1254 1658 Cato
1279 1624 1358 1657 RP..
1388 1631 1475 1664 131.
1504 1627 1590 1661 132,
1613 1627 1651 1652 et

958 1683 1112 1718 Pelius:
1175 1680 1276 1726 Daps
1327 1679 1427 1725 apud
1476 1676 1650 1723 antiquos

959 1739 1148 1773 dicebatur
1557 1742 1650 1778 quae

951 1795 1075 1841 fiebat
1111 1800 1176 1828 aut
1213 1791 1363 1825 hiberna.
1394 1793 1556 1837 semente
1587 1794 1652 1820 aur.

963 1864 1084 1886 verna.
1144 1848 1278 1882 Potuit
1310 1858 1401 1893 ergo
1425 1849 1554 1879 eadem
1577 1853 1650 1889 pro

963 1907 1045 1944 fetu
1083 1907 1206 1953 gregis
1246 1903 1283 1937 h.
1330 1902 1465 1936 ovium
1496 1898 1561 1935 vel
1592 1910 1650 1931 ca-

961 1975 1117 2011 prarum
1152 1960 1259 1998 fieri,
1291 1968 1334 1992 ut
1353 1970 1399 1992 ex
1424 1956 1462 1990 h.
1486 1955 1512 1989 l.
1535 1952 1651 1988 intel-

1211 1749 1265 1769 res
1330 1734 1455 1768 divina
1478 1758 1488 1772 ,

961 2019 1035 2066 ligi
1056 2017 1159 2065 posse
1178 2016 1347 2050 videtur.
1395 2016 1449 2047 Ita
1474 2011 1587 2046 etiam
1610 2009 1654 2044 in
1707 2028 1709 2030 ·

963 2074 1150 2110 Palilibus
1180 2071 1298 2107 Ovid.
1337 2068 1426 2109 Fbast.
1448 2069 1530 2107 IV,
1560 2071 1653 2112 745.

963 2129 1044 2180 post
1072 2131 1170 2164 liba.-
1200 2128 1308 2162 Adde
1340 2126 1453 2172 dapes
1485 2134 1554 2158 etc.
1591 2121 1653 2156 etii

964 2188 1073 2222 locus
1100 2184 1231 2234 paullo
1268 2181 1467 2216 obscurior
1501 2179 1559 2214 est.
1600 2177 1653 2214 Η.

967 2242 1210 2279 constructio
1246 2237 1377 2274 eadem
1410 2234 1511 2285 apud
1541 2234 1652 2281 Virg.

965 2299 1047 2335 Ecl.
1072 2300 1151 2338 111,
1184 2306 1247 2339 77.

1023 2356 1145 2406 Quom
1167 2352 1313 2401 faciam
1340 2349 1461 2386 vitula
1483 2360 1552 2396 pro
1567 2344 1652 2393 fru-

1076 2412 1194 2460 gibus.
1227 2410 1291 2444 VV-

1025 2512 1088 2546 30.
1117 2501 1172 2536 Et
1202 2502 1300 2533 iuvet
1333 2497 1369 2529 in
1401 2494 1508 2536 tota)
1552 2491 1656 2527 Hinc

967 2557 1160 2594 Martialis
1190 2553 1292 2591 illud
1312 2551 1427 2589 XIV,
1466 2561 1555 2595 19¹·

1028 2613 1119 2665 Usszt:
1155 2620 1357 2650 amatorem
1398 2602 1559 2653 Nemefis
1599 2603 1656 2639 Ia-
1712 2644 1716 2648 .

1087 2696 1091 2702 .
1142 2698 1157 2703 ,.
1180 2668 1295 2718 ¹sema
1320 2663 1518 2702 Tibullum,

1615 2716 1659 2751 In
