1752 2974
538 127 674 173 LIB.
705 127 740 173 Ι.
801 124 1002 165 ELEG.
1023 123 1087 164 X.

1456 132 1532 163 121

166 244 440 301 Cursarem
463 243 661 297 vestros
686 258 857 306 quum
878 251 1025 289 tener
1045 247 1162 287 ante
1183 235 1371 303 pedes;

89 333 218 383 Neu
241 333 436 398 pudeat
454 330 624 398 prisco
657 340 748 379 vos
771 326 869 377 effe
891 346 920 376 e
944 326 1116 393 stipite
1138 324 1304 375 factos
1322 342 1338 383 ;

165 421 249 469 Sic
278 421 469 475 veteris
499 417 644 467 sedes
668 415 964 466 incoluistis
987 415 1086 464 avi.

90 509 246 556 Tunc
266 508 459 559 melius
481 517 700 558 tenuere
716 503 900 562 fidem,
940 519 1111 568 quum
1133 514 1366 567 paupere
1386 496 1538 546 cultu

164 594 336 642 Stabat
360 594 419 642 in
444 596 631 658 exigua
656 594 867 658 ligneus
896 591 1022 639 aede
1046 589 1191 650 deus.

1467 599 1538 632 20

88 682 189 730 Hic
215 682 448 746 placatus
471 691 593 738 erat,
636 680 728 729 seu
753 681 874 744 quis
895 678 1149 726 libaverat
1170 690 1350 731 uvam,

164 770 267 817 Seu
294 767 508 817 dederat
531 767 729 818 sanctae
752 766 922 835 spicea
946 763 1076 813 [erta
1100 780 1296 814 comae.

145 1055 185 1079 v.
211 1042 274 1079 16.
312 1043 528 1092 Cursarem)
560 1046 695 1080 Suavis
722 1042 783 1077 rei

89 1097 233 1147 imago.
288 1101 350 1136 Sic
372 1101 442 1136 inf.
467 1102 526 1142 11,
558 1110 606 1141 2,
637 1110 701 1136 22.
733 1098 780 1133 de

89 1154 221 1192 Natali
237 1156 362 1191 Genio
377 1171 386 1190 :

233 1213 366 1248 Ludat:
395 1221 431 1247 et
451 1224 537 1248 ante
560 1221 641 1247 tuos
674 1212 781 1247 turba

368 1270 516 1305 novella
541 1269 664 1316 pedes.

152 1361 169 1383 1
179 1359 214 1395 9.
232 1347 333 1382 Tunc
343 1348 471 1382 melius
484 1357 630 1383 tenuere
641 1347 785 1396 fidem)

90 1404 242 1441 Inversa
270 1404 395 1439 oratio
428 1417 529 1451 pro,
569 1417 636 1439 vos
670 1408 786 1439 tenui-

82 1456 166 1506 stis.
229 1461 450 1507 Obligamur
472 1460 546 1496 diis
564 1463 686 1498 vocis‚·
715 1462 786 1495 ita-

93 1528 169 1562 que
201 1526 239 1551 et
271 1517 328 1550 illi
354 1517 513 1563 obligati
541 1519 627 1552 sunt
659 1517 709 1551 ad
733 1516 787 1563 fi-

92 1572 175 1606 dem
208 1570 468 1619 praestandam
501 1573 543 1607 in
570 1574 643 1612 iis,
690 1585 787 1619 quae

91 1639 306 1675 precamur.
347 1628 590 1676 Diligentius
612 1639 694 1662 tum
718 1628 786 1667 dii,

92 1696 182 1718 cum
214 1682 343 1731 lignea
374 1697 510 1719 eorum
531 1685 633 1731 signa
660 1684 789 1723 essent,

91 1739 281 1775 custodiae
305 1741 389 1776 suae
409 1741 607 1776 mandatos
628 1740 788 1775 tueban-

92 1805 158 1831 tur
191 1807 228 1831 et
256 1797 507 1844 praesentiori
534 1796 695 1831 numine
723 1808 788 1832 eos

92 1853 179 1887 voti
201 1864 401 1901 compotes
418 1853 641 1888 reddebant.
669 1854 785 1888 Iuve-

93 1907 168 1943 nal.
201 1911 274 1943 Sat.
294 1911 359 1949 XI,
393 1925 405 1944 1
422 1918 484 1952 15.

152 1972 257 2007 Hanc
278 1970 380 2006 rebus
398 1972 527 2007 Latiis·
549 1984 671 2005 curam
682 1983 789 2018 prae-

364 2025 467 2075 stare
480 2026 631 2075 solebat

154 2083 294 2119 Fictilis
328 2093 363 2117 ec
387 2083 487 2118 nullo
507 2084 670 2118 violatus
689 2084 789 2130 Iupi-

379 2148 432 2174 ter
455 2153 557 2177 auro.

97 2220 273 2267 Propert.
296 2219 363 2259 IV,
392 2231 425 2258 1,
451 2226 487 2262 5.

155 2274 348 2310 fictilibus
367 2288 506 2310 crevere
522 2276 600 2310 deis
619 2274 707 2310 haec
727 2287 789 2310 au·

378 2345 441 2366 rea
461 2332 609 2379 templa.

99 2423 138 2446 v.
155 2408 305 2456 Cyllen.
328 2410 377 2444 H.
417 2410 576 2445 Durum
599 2409 648 2444 est
666 2409 726 2443 clei
745 2419 792 2443 ex

102 2467 195 2501 deus
216 2466 262 2500 ad
291 2474 434 2501 tenuere
451 2466 606 2502 referre.
654 2464 792 2500 Malim

106 2522 208 2558 Tunc
240 2536 284 2557 m.
317 2522 430 2567 nfid.
461 2521 668 2569 explicari:
713 2521 794 2555 fue·

101 2588 194 2612 runt
225 2589 317 2613 tunc
346 2577 524 2613 homines
556 2578 736 2612 meliores
759 2587 796 2611 et

103 2634 345 2670 moratiores.
373 2633 555 2669 Tibullus
573 2644 793 2681 temporum

103 2691 317 2737 priscorum
339 2696 400 2736 ¹8·
423 2690 644 2726 recordatus
661 2689 707 2724 ad
717 2689 795 2724 [en-

1367 823 1543 912 Atque

848 1043 1007 1077 tentiam
1032 1040 1268 1089 digreditur:
1303 1040 1354 1074 Et
1368 1050 1463 1073 vero
1476 1035 1545 1071 illa

850 1108 1024 1146 tempora
1043 1098 1199 1132 fuerunt
1221 1096 1397 1131 feliciora
1411 1105 1544 1129 etmo-

847 1154 1015 1193 ratiora;
1038 1164 1150 1199 atque
1173 1153 1236 1187 dei
1255 1152 1365 1187 sacris
1390 1149 1545 1198 exiguis

849 1209 1022 1244 contenti
1044 1208 1223 1244 homines
1238 1216 1443 1242 curarunt:
1476 1206 1547 1240 Hic

846 1266 1018 1314 placatus
1047 1273 1125 1300 erat
1145 1275 1215 1301 etc.
1266 1264 1328 1299 De
1350 1262 1443 1298 aede
1461 1261 1546 1299 vid.

855 1322 960 1358 Obff.
984 1323 1049 1359 W.

910 1413 964 1448 ib.
992 1424 1154 1460 paupere
1183 1410 1308 1455 culta)
1350 1410 1391 1446 h.
1422 1422 1550 1458 neque

855 1482 950 1504 auro
976 1479 1145 1507 ornatus,
1169 1479 1294 1513 neque
1318 1480 1366 1501 ex
1383 1466 1550 1514 pretiosa

855 1525 1015 1560 materia
1048 1524 1182 1558 factus.
1229 1523 1328 1558 Mox
1349 1524 1386 1556 in
1413 1523 1551 1568 exigua

854 1581 945 1615 aede
972 1581 1035 1614 seu
1067 1593 1139 1628 pro
1169 1580 1311 1619 domo,
1341 1579 1403 1614 seu
1429 1578 1476 1613 de
1499 1578 1549 1613 sa—

856 1635 955 1674 cello
980 1637 1023 1671 in
1045 1637 1159 1684 agris.

913 1743 935 1769 2
946 1746 960 1766 1
977 1751 1032 1759 —
1046 1737 1110 1778 24.
1135 1733 1430 1782 Simplicitatem
1445 1743 1550 1769 vete-

854 1805 939 1827 rem
966 1788 1246 1824 sacrificiorum
1277 1789 1378 1825 belle
1417 1790 1552 1838 depin-

855 1858 952 1896 gunt
970 1846 1099 1881 versus
1125 1845 1331 1894 Sophoclis
1352 1846 1394 1881 in
1417 1846 1552 1893 Polyi*

855 1905 920 1944 do,
953 1914 1052 1951 quos
1074 1902 1175 1949 apud
1188 1902 1380 1951 Porphyr.
1394 1902 1440 1937 de
1454 1902 1552 1938 Abs—

854 1962 990 1996 tinent.
1023 1957 1091 1993 lib.
1120 1960 1169 1994 11.
1214 1959 1379 1995 servatos
1422 1958 1552 1993 lauda-

854 2017 911 2050 vit
933 2015 1085 2051 Statius.
1118 2014 1220 2052 Vide
1241 2028 1345 2049 nunc
1366 2014 1552 2063 Sophocl.

856 2074 1007 2119 Fragm.
1036 2085 1075 2118 p.
1107 2075 1201 2117 440.
1234 2072 1291 2105 ed.
1320 2073 1384 2107 ΒΥ.
1411 2089 1467 2097 -
1506 2074 1553 2106 In

857 2128 988 2163 verbis
1000 2127 1122 2175 Atque
1143 2127 1276 2176 aliquis
1295 2127 1450 2163 adverte
1470 2128 1552 2161 aui-

857 2197 966 2219 mum
986 2183 1027 2218 ad
1050 2183 1269 2218 orationem
1282 2184 1464 2219 variatam
1479 2195 1551 2231 pro

856 2240 1035 2288 vulgari:
1086 2239 1149 2274 seu
1179 2238 1374 2275 obtulerat
1403 2239 1480 2274 liba
1517 2250 1554 2273 et

858 2297 1005 2332 favum.
1029 2294 1075 2330 cf.
1100 2297 1139 2334 1,
1162 2301 1200 2341 4,
1223 2302 1288 2342 45.
1334 2296 1450 2331 Causa
1470 2295 1554 2330 eius

858 2353 917 2388 rei
936 2352 1028 2388 inde
1051 2352 1281 2400 repetenda,
1311 2352 1416 2400 quod
1437 2351 1555 2385 libare

860 2423 980 2448 uvam,
1005 2410 1093 2442 clare
1116 2407 1219 2456 serta
1242 2408 1286 2442 ad
1312 2407 1495 2443 solemnia
1518 2417 1556 2442 et

859 2464 947 2499 stata
993 2464 1177 2500 festorum
1225 2465 1321 2499 sacra
1364 2464 1554 2512 pcrtinet;

862 2522 1006 2569 quibus
1036 2520 1209 2567 opposita
1241 2519 1440 2558 sacrificia,
1472 2518 1556 2566 qui·

861 2577 932 2613 bus
956 2577 1040 2612 voti
1069 2588 1267 2623 compotes
1290 2576 1448 2622 gratian]
1474 2575 1556 2609 deis

862 2634 1086 2668 reddebant.
1116 2633 1217 2669 Vota
1241 2631 1340 2666 enim
1367 2630 1558 2667 faciebant

862 2689 905 2725 in
926 2690 1041 2726 rebus
1061 2687 1323 2736 gravioribus,
1338 2687 1464 2736 iisque
1485 2699 1556 2737 po-

1491 2754 1557 2780 tlt!
