1752 2974
551 110 684 151 ΜΒ.
714 110 750 150 1.
809 107 1012 151 ELEG.
1043 112 1078 152 1.
1484 112 1540 177 215

172 231 385 291 Vincta,
417 246 514 278 nec
543 229 602 276 in
634 237 817 275 tenero
848 226 942 275 stat
968 228 1072 276 tibi
1103 228 1261 279 corde
1287 229 1422 279 filex.

95 319 196 368 Illo
220 336 332 368 non
351 317 561 368 iuvenis
583 315 778 381 poterit
799 314 864 363 de
885 314 1073 365 funere
1100 319 1386 383 quisquam
1468 323 1537 376 65

94 527 257 576 Proprie
287 527 373 562 sunt
398 526 645 574 praecordia,
689 539 785 575 quac

93 583 240 618 :ferrum
268 583 388 618 ambit
410 593 446 616 et
463 582 651 624 includit,
682 583 787 628 σιδη-

38 631 41 634 ’
92 638 248 685 ρόδετας
281 650 326 674 ut
355 638 402 673 est
427 638 528 684 ξίφος
554 638 788 687 σιδηρόδετον

93 687 232 743 capu-lo
251 695 374 730 ferreo
394 695 542 733 iuncto.
575 697 662 731 Hoc
678 710 786 744 prae·

93 750 193 785 clare
217 751 252 786 se
276 751 413 793 habet,
449 755 473 787 fi
495 752 539 787 de
562 752 677 786 corde
699 765 785 787 mu·

92 807 178 841 nito
213 820 253 841 ac
290 818 375 842 tuto
412 810 558 855 agitur,
609 818 654 842 ut
684 809 784 856 apud

90 862 361 898 Ho1·at;;illud
387 864 460 900 Od.
484 866 523 905 I,
559 873 604 907 3,
631 876 691 910 9.:
723 877 785 898 aes

94 919 230 966 triplex
262 921 355 953 circa
384 930 508 967 pectus
543 929 578 954 et
609 920 721 955 robur
744 920 785 956 h.

91 973 184 1014 ilex,
217 975 262 1010 de
286 974 445 1011 homine
467 977 611 1011 audaci.
667 977 786 1011 Nunc

91 1041 219 1066 tamen
248 1030 324 1065 alio
353 1032 472 1067 modo
506 1044 573 1066 cor
594 1030 784 1065 inclusum

92 1086 142 1122 est
160 1087 262 1122 ferro
275 1114 286 1128 ,
317 1088 460 1123 scilicet
481 1099 524 1123 ut
544 1085 698 1122 nullum
721 1100 784 1122 ex-

93 1155 288 1178 ternarum
311 1157 442 1179 rerum
467 1144 609 1179 sensum
633 1141 784 1178 habeat.

91 1199 194 1234 Nam
228 1200 386 1235 videtur
415 1199 593 1235 subtilius
623 1199 780 1240 factum,

91 1257 119 1290 fi
148 1255 275 1291 dicere
302 1257 424 1297 velis,
464 1257 668 1292 notionem
697 1257 781 1290 fim-

92 1311 236 1360 plicem
264 1311 379 1360 ferrei
404 1315 564 1362 pectoris
593 1312 658 1354 (τέ
679 1311 785 1359 σιδη-

91 1369 299 1418 ρόφρονος)
334 1371 387 1404 ita
421 1370 573 1411 ornari,
616 1381 660 1406 ut
689 1371 785 1406 ferri

92 1438 227 1463 natura
257 1426 376 1462 solida
410 1438 447 1461 et
466 1424 635 1462 adstricta
660 1426 782 1462 decla-

91 1494 219 1522 retur,
263 1483 353 1530 quia
386 1483 546 1517 omnino
580 1497 642 1523 ea,
686 1496 784 1531 quae

94 1553 142 1574 ex
174 1539 348 1586 partibus
374 1538 540 1573 constant
564 1539 783 1576 coniunctis

94 1606 132 1631 et
152 1595 353 1634 contextis,
381 1595 524 1629 habent
546 1609 604 1630 eas
628 1595 730 1629 inter
750 1597 782 1630 se

91 1652 261 1692 vinctas,
318 1651 489 1698 adeoque
528 1650 606 1699 ipsa
649 1651 781 1686 Vincta

89 1709 186 1744 sunt.
260 1707 482 1743 Praecordia
519 1706 646 1754 ferrea
686 1707 780 1743 adeo

90 1762 233 1800 necesse
268 1763 318 1798 est
352 1763 422 1798 effe
456 1762 559 1797 ferro
595 1762 781 1804 adstricta,

89 1824 234 1860 vincta,
275 1821 376 1867 quali
410 1829 629 1867 compacta,
674 1819 780 1856 dura.

93 1877 154 1912 Sic
175 1875 280 1922 ferro
304 1876 415 1911 corda
438 1878 559 1923 rigent
579 1874 782 1911 Claudian.

92 1933 138 1968 de
185 1933 228 1966 Β.
275 1933 359 1968 G'et.
406 1940 499 1975 503.
565 1932 781 1968 Nemefian.

92 1999 218 2025 autem
244 1987 325 2022 Ecl.
351 1990 427 2028 IV,
454 1987 516 2030 56.
541 1986 648 2035 ferro
673 2001 782 2034 prae-

91 2045 218 2079 cordia
249 2044 353 2078 duret
374 2043 413 2079 h.
437 2043 607 2079 induret.
667 2045 725 2078 Ita
746 2055 782 2079 et

92 2099 256 2135 alterum
296 2100 450 2135 ornavit
489 2100 541 2136 vs.
574 2100 675 2148 sequ.
707 2112 781 2148 pro

90 2154 265 2202 vulgari:
286 2169 366 2190 non
385 2155 502 2191 habes
524 2168 591 2191 cor
604 2157 779 2196 saxeum:

90 2225 156 2246 nec
203 2213 242 2247 in
281 2219 404 2247 tenero
437 2209 520 2259 stat
567 2212 637 2246 tibi
673 2211 780 2247 corde

81 2266 190 2318 filex.
231 2265 270 2302 h.
304 2280 336 2302 e.
371 2265 480 2316 inest,
512 2278 556 2303 ut
596 2266 715 2304 ovid.
749 2270 779 2304 Ι.

90 2325 178 2358 Am.
213 2335 285 2363 ιι,
321 2334 359 2370 9.
400 2323 680 2369 (Immobilem
714 2324 784 2360 effe

90 2377 259 2419 filicem,
300 2378 423 2414 verbo
467 2377 565 2426 [iare
615 2380 785 2428 exprimi

89 2445 201 2483 putat
224 2435 275 2469 H.
315 2435 479 2475 Voffius,
500 2434 650 2470 collatis
672 2435 782 2485 Virg.

89 2489 172 2526 Ecl.
195 2492 255 2531 11,
279 2489 342 2526 26.
402 2493 531 2527 senec.
554 2492 604 2526 H.
624 2493 665 2526 F.
686 2491 782 2536 861.

90 2545 151 2580 Ex
179 2546 261 2594 ipso
294 2546 457 2582 Tibullo
488 2549 527 2588 Ι,
556 2552 605 2593 4,
637 2553 700 2591 28.
728 2550 779 2589 ΙΙ,

90 2607 139 2648 4,
165 2613 201 2649 9.
232 2602 366 2638 afferre
385 2613 548 2651 poterat.
578 2603 672 2647 W.)
705 2602 780 2639 Or-

91 2667 224 2693 natum
261 2658 475 2696 adhibuere
511 2657 583 2694 alii
620 2670 779 2710 quoque

1294 406 1542 463 Lumina,

852 531 1009 576 po&tae;
1061 536 1098 563 et
1138 526 1544 563 convenientiffimum

855 584 1012 630 quidem
1042 582 1226 631 Apollon.
1248 585 1305 622 II,
1335 592 1427 625 231.
1452 630 1455 635 .

898 635 981 674 008³
990 637 1031 684 ⁸e’ess
1048 635 1083 673 οἳ
1103 636 1312 684 ἀδάμαντος
1330 636 1546 685 ἔληλᾱμένον

1060 694 1146 742 κέαρ
1170 694 1238 738 εἴη.

852 749 932 784 Cor
953 760 999 782 ex
1019 748 1121 784 ferro
1146 750 1304 784 ductum
1327 751 1390 786 seu
1402 763 1544 799 procu-

853 805 933 839 sum
964 806 1123 852 proprie
1161 806 1319 841 diceres.
1377 807 1459 841 Alii
1481 820 1545 841 ex-

853 859 976 895 tulere
1007 859 1105 895 hoc:
1147 861 1279 896 habere
1311 862 1377 896 vel
1403 860 1547 910 gestare

843 914 968 966 filices
1001 924 1036 950 et
1061 915 1237 965 scopulos
1268 927 1304 952 et:
1328 917 1473 965 ferrum
1506 921 1546 953 in

852 980 1023 1018 pectore:
1070 982 1195 1021 pectus
1226 974 1335 1009 habet
1355 973 1478 1023 silices
1510 983 1546 1010 et

844 1026 1007 1074 ferrum,
1052 1040 1097 1063 ut
1134 1029 1252 1066 Ovid.
1285 1033 1314 1066 Ι.
1354 1031 1463 1065 Trist.
1504 1037 1545 1079 8⁹.

850 1088 917 1128 [μ.
965 1083 1011 1117 de
1042 1083 1204 1122 homine
1235 1086 1334 1121 duro
1365 1087 1548 1134 proximo

851 1139 897 1173 ad
918 1138 1025 1174 hunc
1046 1139 1164 1174 nostri
1185 1149 1321 1189 positae
1346 1141 1501 1178 locum:

907 1194 963 1231 Et
1012 1205 1076 1232 tua
1117 1196 1207 1245 sunt:
1250 1196 1368 1247 filicis
1417 1188 1548 1235 cire'um

1069 1254 1289 1302 praecordia
1308 1268 1433 1296 venae,

963 1308 1019 1345 Et
1067 1310 1230 1359 rigidum
1270 1309 1367 1359 ferri
1399 1310 1547 1360 semina

1072 1376 1197 1414 pectus
1231 1367 1378 1403 habent.

848 1421 1053 1457 Primitiva
1081 1423 1182 1458 ratio
1212 1424 1313 1473 apud
1334 1425 1548 1462 Hesiodum

852 1477 966 1512 exstat
986 1477 1031 1512 de
1053 1491 1160 1513 aerea
1185 1482 1425 1529 aetate'Epy.
1454 1488 1551 1528 147.-

850 1532 923 1569 ‹im'
951 1532 1161 1581 ἀδάμαντος
1179 1536 1258 1582 ἔχον
1275 1540 1547 1586 κρατερόφρονα

849 1589 989 1635 θυμόν.
1063 1590 1207 1627 Ornata
1257 1594 1444 1629 Pindarus
1502 1596 1547 1630 in

849 1646 1090 1693 fragmento,
1123 1649 1229 1695 quod
1261 1649 1479 1685 Athenaeus
1509 1661 1548 1687 et

848 1700 1077 1737 Plutarchus
1094 1703 1312 1740 servarunt:
1337 1706 1406 1753 qui
1417 1706 1548 1741 Theo-

847 1758 942 1792 xeni
960 1758 1084 1792 forma
1103 1761 1183 1795 non
1202 1763 1397 1809 percussus
1408 1761 1544 1810 stupet,

891 1815 959 1858 Ἐξ
983 1815 1194 1865 ἀδάμαντος
1216 1820 1241 1866 ἢ
1263 1820 1396 1868 σιδᾶρ3
1419 1822 1549 1867 κεχάλτ

1041 1888 1165 1912 κευται
1197 1877 1372 1924 μέλαιναν

894 1929 1066 1979 Καρδίαν
1095 1934 1220 1981 ψυχρᾷ
1244 1934 1369 1982 φλογί.

852 1984 899 2020 de
921 1999 998 2034 quo
1021 1988 1356 2036 cf.Wyttenbach.
1377 1989 1419 2025 in
1437 2003 1547 2039 prae·

852 2041 956 2077 claro
977 2044 1172 2079 doctrinae
1194 2046 1422 2093 specimine,
1454 2047 1545 2081 Plu-

849 2097 971 2136 tarch.
993 2100 1038 2135 de
1056 2101 1133 2135 sera
1153 2114 1259 2136 num.
1274 2102 1389 2138 Vind.
1404 2116 1440 2151 p.
1456 2103 1544 2150 69.;

845 2153 940 2189 vide
961 2168 1065 2191 nune
1084 2157 1242 2192 Pindari
1263 2158 1398 2206 fragm.
1419 2166 1456 2206 p·-
1479 2169 1543 2195 22.

847 2209 1002 2245 Tibulli
1031 2211 1163 2247 locum
1194 2224 1280 2248 ante
1311 2214 1445 2249 oeulos
1479 2213 1545 2247 ha·

850 2264 939 2301 buit
982 2277 1019 2303 et
1056 2269 1234 2317 expreffit
1279 2272 1474 2306 Sannazar.
1508 2270 1542 2303 Ι.

848 2320 910 2357 El.
939 2334 962 2370 9
979 2349 988 2363 ,
1019 2334 1055 2368 7.

906 2378 997 2414 Non
1026 2381 1117 2416 mihi
1148 2379 1353 2429 circumstat
1376 2379 1544 2429 solidum

1017 2438 1237 2485 praecordia
1258 2437 1428 2484 ferrum,

965 2493 1044 2529 Nec
1072 2496 1168 2541 riget
1187 2496 1225 2528 in
1246 2491 1369 2540 nostro
1391 2490 1558 2542 pectore*

1020 2551 1113 2584 dura
1132 2549 1243 2598 filex.
1560 2590 1563 2595 Α

902 2604 968 2652 64.
1000 2603 1082 2652 stat
1114 2624 1168 2632 —-
1188 2604 1316 2655 filex)
1362 2616 1436 2652 pro
1460 2602 1539 2644 cst,

844 2669 892 2698 ut
926 2660 1110 2698 sollemne
1147 2661 1289 2711 Poetis.
1351 2658 1540 2710 Quinctil.

1360 2715 1536 2753 Declam.
