1752 2974
199 144 283 175 212

679 132 855 170 ALBII
895 133 1163 172 TIBVLLI

198 250 266 298 At
287 247 423 297 mihi
445 247 780 313 Persephone
800 248 1005 313 nigram
1030 248 1310 297 denuntiat
1329 247 1546 307 lioran13
1625 261 1655 307 5

269 338 541 385 Immerito
574 337 763 384 iuveni
793 352 947 401 parce
981 353 1199 394 nocere,
1247 336 1375 385 Dea.

197 425 328 474 Non
365 441 463 487 ego
496 425 726 480 tentavi,
790 424 931 472 nulli
967 424 1270 474 temeranda
1303 423 1566 481 virorum,

272 510 460 559 Audax
492 509 788 558 laudandae
823 509 960 559 sacra
992 510 1183 560 docere
1218 515 1375 561 Deae.

197 602 315 650 Nec
346 616 463 647 mea
501 598 791 648 mortiferis
828 596 1014 647 infecit
1046 599 1239 663 pocula
1269 597 1438 646 succis

275 690 519 746 Dextera,
556 703 654 736 nec
677 687 926 752 cuiquam
946 696 1079 735 tetra
1104 702 1309 734 venena
1330 684 1478 734 dedit
1491 702 1506 744 ;

201 888 316 924 etiam
347 887 451 922 Baiis
487 884 719 934 Campaniae
750 880 896 933 praela-

203 955 279 985 tas,
347 957 442 990 quae
493 941 666 977 Martiali
713 942 897 989 principes

202 1003 321 1037 Baiae
342 1001 478 1039 dictae,
510 999 577 1034 lib.
592 1000 657 1035 VI.
676 1000 746 1046 Ep.
772 1005 836 1040 42,
859 1005 897 1038 7.

202 1059 245 1093 id
294 1057 401 1106 quod
449 1056 599 1093 nemini
643 1056 684 1090 in
725 1065 897 1089 mentem

200 1116 325 1150 venit.
384 1117 531 1151 Verum
555 1113 606 1148 est
625 1113 736 1148 tertia
756 1108 897 1146 verbo-

201 1185 290 1206 ΥυῐΥι
320 1172 611 1220 iungendorum
644 1169 745 1204 ratio
777 1180 897 1213 eaque

202 1227 309 1262 haud
366 1228 500 1277 paullo
558 1225 724 1260 melior:
797 1223 898 1258 unda

203 1287 368 1322 maxima
386 1285 552 1335 lymphis
572 1284 687 1331 sacris
710 1282 897 1320 Baiarum,

202 1345 402 1395 praestans,
434 1341 638 1391 praeclara,
669 1351 739 1386 per
761 1338 785 1371 s.
808 1348 899 1383 pro·

204 1414 290 1451 pter
322 1413 438 1448 aquas
468 1397 507 1433 h.
540 1398 668 1432 fontes
694 1395 779 1429 suos
803 1392 898 1428 salu-

204 1460 314 1498 bres,
367 1468 465 1504 quos
503 1451 684 1500 lymphas
717 1449 899 1485 Baiarum

205 1513 373 1565 appellat
403 1526 422 1546 a
450 1508 721 1545 similitudine.
790 1507 901 1542 Hanc

203 1573 333 1608 saitem
359 1569 460 1604 inire
485 1565 696 1605 debebant,
739 1564 807 1612 qui
842 1562 901 1598 lo-

206 1643 295 1665 cum
309 1624 577 1662 defenderunt.
600 1619 785 1669 ——sacris
803 1619 900 1669 lym-

202 1686 287 1735 phis
309 1682 431 1718 dixit.
471 1679 563 1729 quia
594 1691 729 1713 omnes
761 1677 900 1717 fontes,

203 1741 332 1777 :multo
361 1738 485 1786 magis
513 1734 681 1770 salubres
706 1734 781 1768 diis
807 1733 901 1768 sacri

206 1807 324 1833 erant.
399 1790 566 1828 Martial.
588 1790 613 1826 l.
640 1803 671 1826 c.
704 1789 901 1840 Nympha-

206 1868 285 1890 rum
308 1853 450 1901 parz'ter
464 1847 736 1896 Nereidumque
756 1847 897 1881 domus.

204 1913 305 1946 Mox
332 1922 396 1943 ver
421 1917 662 1954 purpureum,
696 1897 898 1950 pulcrdnu

205 1978 249 2001 ut
281 1967 384 2013 saepe
414 1970 572 2012 poetae:
616 1959 847 1994 illustratum
877 1971 899 1993 a

203 2022 368 2069 Vulpio.
409 2021 461 2056 H.
530 2018 638 2053 Nunc
683 2024 804 2050 autem
841 2033 898 2042 --

204 2079 382 2127 lymphis.
431 2074 582 2113 Verba:
633 2087 726 2107 mmo
773 2081 897 2106 antem

203 2137 379 2171 maxima,
411 2145 520 2182 quum
539 2126 718 2183 humasse
741 2130 898 2163 remittit:

591 2187 673 2221 sane
723 2185 897 2232 opposita

709 2241 815 2275 Unda
841 2260 896 2268 —-—

201 2205 285 2228 vere
326 2201 531 2237 purpureo,

202 2249 288 2282 sunt
316 2244 652 2281 antecedentibus:

202 2317 340 2342 canem,
365 2312 409 2337 ut
428 2298 540 2336 facile
563 2309 729 2348 apparet.
759 2297 895 2331 ,Maxi-

201 2374 264 2395 ma
286 2352 413 2394 autem
435 2357 583 2392 dictum
607 2355 657 2390 est
672 2367 729 2402 pr.
752 2353 892 2393 maior,

200 2416 282 2451 vid.
320 2414 426 2451 Obss'.
456 2433 511 2441 -
546 2412 592 2462 se
629 2411 807 2449 remittit,
845 2408 893 2444 cf.

198 2472 345 2507 Lucan.
367 2474 395 2511 1,
425 2480 510 2512 17.:
550 2470 678 2503 bruma
706 2468 828 2513 rigens·
851 2479 894 2500 ac

198 2528 319 2576 nescia
341 2542 426 2564 vere
449 2528 598 2561 remitti.
629 2524 713 2559 add.
740 2521 893 2556 Mitsch.

198 2584 245 2619 ad
265 2586 402 2619 Horat.
425 2583 501 2619 Od.
523 2585 551 2622 Ι,
577 2589 612 2624 tt,
641 2594 673 2614 1.
712 2580 776 2613 W.

258 2649 289 2681 5.
324 2643 474 2688 nigram
509 2639 704 2673 denuntiat
736 2634 893 2680 horam)

194 2696 412 2739 denuntiat,
437 2696 619 2732 minatur.
653 2691 818 2744 Copiose
845 2690 891 2727 de

1593 702 1659 734 10

1542 773 1662 822 Nec

963 882 1042 918 hoc
1066 883 1244 918 Broukh.
1279 894 1317 919 et
1345 880 1467 931 Vulp.
1498 883 1661 929 nigram,

966 949 1154 987 quatenus
1180 940 1334 981 omnia,
1368 951 1467 986 quae
1489 937 1536 972 ad
1556 950 1661 973 mor-

966 1006 1044 1030 tem
1067 1007 1104 1031 et
1125 996 1266 1032 inferas
1297 1009 1359 1032 res
1391 995 1582 1043 spectant,
1615 1004 1662 1028 eo

967 1052 1143 1101 epitheto
1168 1063 1370 1093 ornantur,
1390 1051 1505 1087 etiarn
1529 1049 1660 1085 nostro

965 1109 1153 1144 sermone.
1236 1109 1354 1156 Quod
1393 1119 1523 1142 autem
1551 1119 1590 1142 v.
1623 1113 1662 1147 7.

965 1166 1043 1213 sqq.
1068 1175 1111 1199 ut
1133 1165 1272 1201 itidem
1296 1166 1374 1213 sup.
1399 1166 1427 1204 Ι,
1443 1173 1481 1207 3,
1503 1169 1568 1206 51.
1583 1162 1662 1210 sqq.

966 1222 1000 1256 se
1029 1222 1200 1257 innocue
1229 1222 1367 1257 vixiffe
1397 1220 1575 1256 testatur,
1614 1218 1663 1251 ad

966 1290 1216 1313 communem
1264 1277 1396 1319 illam¹
1431 1275 1663 1324 opinionem

965 1334 1214 1369 referendum
1247 1334 1318 1374 est,
1356 1346 1431 1382 qua
1460 1330 1660 1380 graviores

965 1389 1120 1429 morbi,
1157 1400 1290 1425 acutae
1320 1390 1468 1428 febres,
1507 1387 1661 1422 furores

966 1457 1014 1480 ex
1033 1445 1197 1486 morbo,
1233 1460 1252 1480 a
1275 1445 1440 1481 deorum
1472 1444 1531 1478 ira
1551 1455 1660 1489 repe-

967 1502 1172 1542 zeb-antam
1212 1502 1314 1537 unde
1349 1502 1466 1537 etiam
1496 1500 1543 1534 ad
1570 1497 1660 1533 reli·

967 1557 1104 1606 giones
1159 1558 1458 1606 confugiebant,
1517 1554 1660 1605 quibus

968 1614 1060 1648 deos
1077 1613 1285 1662 placarent.
1316 1612 1512 1649 Sollennis
1531 1623 1662 1647 autem

965 1669 1103 1705 similis
1126 1671 1319 1710 scelerum,
1352 1683 1449 1718 quae
1470 1669 1558 1716 quis
1579 1679 1662 1704 non

966 1726 1216 1766 commiserit,
1240 1727 1481 1762 enumeratio
1505 1726 1546 1760 in
1565 1732 1660 1773 poe'-

967 1784 1029 1824 tis,
1061 1797 1099 1819 v.
1131 1796 1164 1818 c.
1199 1783 1401 1820 claudian.
1423 1782 1470 1817 de
1487 1784 1533 1818 R.
1556 1781 1661 1816 Pros-

967 1840 1017 1881 ΙΙ,
1041 1847 1131 1883 255.
1155 1840 1205 1887 sq.
1247 1842 1400 1875 Petron.
1433 1851 1466 1874 c.
1492 1846 1607 1881 153.;
1638 1850 1660 1871 a

964 1896 1096 1931 nostro
1116 1895 1183 1931 illa
1204 1896 1251 1931 ad
1269 1896 1467 1933 fastidium
1497 1893 1547 1930 est
1565 1906 1658 1943 pro·

966 1953 1092 1988 ducta.

1024 2019 1060 2052 7.
1085 2016 1121 2054 8.
1153 2011 1251 2044 Sunt
1263 2007 1375 2058 sacra
1399 2008 1530 2044 Bonae
1547 2008 1659 2043 mari-

965 2064 1030 2100 bus
1072 2079 1145 2101 non
1186 2066 1360 2101 adeunda
1400 2065 1520 2103 Deae,
1561 2076 1656 2112 quas
1721 2080 1722 2083 ¹

962 2123 1074 2170 supra
1102 2122 1276 2158 *vidimus
1310 2125 1339 2163 I,
1371 2121 1408 2162 6,
1441 2130 1506 2157 22.
1551 2121 1658 2156 Lau-
1702 2128 1703 2131 ’

962 2178 1127 2214 dandam
1147 2179 1330 2227 dixitpro
1354 2178 1468 2214 bona.
1490 2177 1537 2212 cf.
1551 2175 1658 2212 Obss'.

1022 2247 1058 2282 9.
1091 2235 1219 2283 infecit
1238 2235 1401 2283 pocula)
1429 2232 1575 2282 virgil.
1605 2234 1656 2268 Π.

963 2292 1033 2330 Ge.
1063 2298 1153 2336 123.

1020 2347 1165 2384 Pocula
1188 2345 1226 2397 si
1256 2347 1406 2396 quando
1430 2345 1567 2396 saevae
1596 2346 1656 2380 in-

1241 2404 1366 2440 fecere
1394 2415 1580 2439 novercae.

960 2462 1138 2498 Poculum
1166 2473 1263 2497 vero
1296 2461 1477 2508 frequens
1511 2458 1558 2493 de
1586 2471 1653 2494 ve·

960 2532 1075 2554 neno.
1119 2532 1158 2555 v.
1197 2516 1374 2553 Broukh.
1417 2515 1488 2563 qui
1525 2524 1654 2549 tamen
1722 2531 1735 2576 ἱ

958 2575 1081 2617 male,
1123 2585 1256 2610 contra
1293 2572 1561 2612 Pafferatium,
1604 2582 1652 2605 eo
1721 2592 1735 2624 Η

959 2632 1080 2668 refert·
1116 2630 1249 2686 l'ocum
1284 2627 1479 2678 Propertii
1501 2629 1652 2694 11,‘122
1720 2631 1735 2670 13

957 2695 1010 2736 48
1543 2739 1645 2778 Lae·
1730 2726 1733 2743 ⁵
