1752 2974
498 114 628 156 LIB.
659 113 695 153 1.
755 111 955 151 ELEG.
980 110 1071 152 IV.
1453 102 1511 156 47

143 241 388 289 Armatus
419 250 580 283 curva
607 229 674 279 fic
711 228 847 276 :mihi
880 226 1013 276 falce
1050 225 1215 276 deus:

67 330 111 376 O
132 326 260 392 fuge
287 337 337 373 te
358 330 564 372 tenerae
591 333 884 384 puerorum
914 314 1125 364 credere
1150 314 1362 372 turbae;

142 416 283 462 Nam
316 409 518 460 causam
551 405 677 455 iusti
706 403 910 468 semper
941 403 1132 452 amoris
1153 402 1363 450 habent.

1448 417 1516 455 10

67 504 167 552 Hic
180 502 361 566 placet,
375 494 600 562 angustis
614 491 762 558 quod
775 507 971 554 equum
986 487 1267 555 compescit
1277 488 1519 546 habenis;

143 590 243 636 Hic
274 585 533 651 placidam
563 583 726 631 niveo
749 589 960 644 pectore
983 578 1135 644 pellit
1156 593 1370 641 aquam3

68 675 208 724 Huic
240 674 362 737 quia
387 671 538 720 fortis
564 668 703 718 adest
731 667 970 724 audacia}
1009 666 1172 732 cepit;
1211 664 1366 712 atilli

142 761 424 825 Virgineus
462 770 665 808 teneras
693 757 786 806 stat
811 757 990 822 pudor
1016 763 1134 801 ante
1158 769 1327 817 genas.

66 848 170 898 Sed.
203 859 254 897 te
291 865 357 897 ne
386 849 615 913 capiant,
652 851 830 914 primo
855 845 893 893 fi
914 843 1050 892 forte
1072 840 1291 906 negarit,

1454 851 1519 898 15

145 936 366 994 Taedia3
406 936 664 1003 paulatim
697 934 794 985 sub
824 935 949 998 iuga
976 929 1110 979 colla
1134 927 1291 977 dabit.

1341 1018 1526 1080 Longa

125 1157 166 1194 9.
219 1145 256 1182 O
300 1144 396 1192 fuge
446 1152 481 1179 te
519 1163 577 1172 —-
621 1143 764 1179 credere
829 1129 982 1189 aquam*
1003 1138 1050 1173 de
1078 1135 1322 1176 natantibus,
1373 1146 1419 1171 ut
1450 1139 1527 1179 111,

73 1202 232 1247 turbae)
290 1214 381 1236 cave
444 1202 607 1236 omnino
654 1200 764 1234 ade'as
832 1204 878 1239 5,
907 1204 972 1238 50.

71 1272 114 1293 ac
137 1258 357 1305 frequentes
382 1267 514 1292 coetus
537 1269 764 1306 puerorum.

70 1314 205 1350 Nimis
244 1312 443 1349 lubricum
479 1312 550 1354 est,
602 1325 667 1349 eos
704 1311 767 1346 ad·

72 1371 228 1419 spicere.

136 1450 198 1472 ιο.
234 1437 335 1472 Nam
373 1434 518 1484 causam
558 1433 640 1483 iusti
673 1434 769 1483 sem-

72 1508 139 1543 per
169 1495 305 1528 amoris
333 1492 495 1534 habent)
526 1491 565 1526 h.
599 1506 629 1526 e.
668 1491 770 1529 dant,

72 1550 270 1599 praebent.
347 1546 581 1583 Simillimus
631 1546 771 1583 Ovidii

76 1605 185 1642 locus
215 1606 259 1639 de
291 1603 456 1652 puellis:

191 1663 344 1698 Centum
374 1657 465 1707 sunt
508 1657 660 1707 causae,
710 1671 771 1691 cur

310 1729 378 1764 ego
394 1713 542 1763 semper
564 1728 695 1750 amem.

88 1782 95 1785 ’
134 1776 219 1810 Sive
248 1771 319 1821 eft,
343 1790 394 1798 -—-
417 1770 498 1821 five
517 1769 578 1818 est,
609 1773 660 1806 II.
682 1771 769 1804 Am.

78 1837 125 1878 4,
164 1845 210 1867 10
246 1832 323 1878 [qq.
364 1829 415 1863 H.
488 1828 597 1864 Adde
647 1825 770 1862 Ovid.

78 1886 241 1925 Heroid-
267 1887 363 1925 XV,
386 1891 453 1929 80.

189 1943 244 1981 Et
278 1940 426 1992 semper
456 1939 565 1990 causa
596 1936 668 1984 eft,
715 1951 775 1971 cur·

310 2011 380 2046 ego
402 1997 550 2046 semper
572 2009 704 2031 amem.

142 2091 210 2119 11„
265 2074 430 2124 angustis
487 2075 588 2126 quod
644 2085 774 2122 equum

81 2133 276 2183 compescit:
325 2134 502 2176 habenis)
572 2128 773 2178 equitandi

80 2201 260 2240 peritiam
306 2202 386 2224 uno
415 2200 504 2224 artis
537 2198 676 2235 genere
709 2197 773 2219 ex-

81 2246 231 2297 primit.
266 2244 335 2279 inf.
359 2245 435 2284 IV,
465 2258 480 2278 1
497 2270 508 2286 ,
531 2256 596 2291 9¹·
622 2251 689 2289 92.

139 2304 217 2339 Aut
254 2301 335 2351 quis
375 2314 504 2349 equum
540 2300 690 2334 celerem
720 2312 776 2333 ar-

253 2366 340 2407 tatov
360 2355 582 2404 compescere
605 2354 718 2402 freno

139 2413 273 2465 Poffic,
326 2422 361 2447 et
390 2411 522 2460 effusas
555 2412 661 2446 tardo
694 2424 778 2459 per-

252 2472 394 2505 mittere
415 2468 584 2504 habenas.

146 2560 207 2585 12.
260 2550 330 2583 Hic
366 2565 422 2574 —-
463 2547 573 2594 pellit
614 2523 778 2593 aquarn)

85 2604 124 2639 h.
155 2605 222 2640 hio
252 2604 402 2653 placet,
450 2603 541 2650 quia
570 2603 691 2651 pellit.
723 2619 778 2628 —-·

85 2659 220 2696 variat
244 2669 360 2711 poeta
381 2659 610 2695 orationem.
639 2657 780 2708 pellere

947 1249 1004 1287 Ec
1046 1248 1178 1297 facilis
1231 1247 1333 1281 lenta
1374 1247 1529 1294 pellitur

1115 1305 1214 1340 unda
1239 1317 1358 1338 manu.
1577 1298 1597 1306 f

897 1373 960 1408 13.
1002 1358 1104 1409 adest
1144 1359 1331 1407 audacia)
1360 1371 1432 1407 pro
1465 1356 1530 1407 efi.

835 1421 906 1456 inf.
933 1421 986 1457 JV
1005 1444 1015 1459 ,
1045 1427 1091 1461 5,
1117 1418 1154 1453 6.

1151 1473 1196 1508 de
1234 1473 1341 1508 nobis
1387 1481 1532 1508 mutuus

1174 1532 1268 1577 ignis
1290 1525 1402 1575 adest.

839 1588 888 1623 cf.
922 1586 1041 1634 Vulp.
1074 1586 1114 1620 h.
1148 1585 1173 1622 l.
1208 1587 1258 1621 H.
1317 1584 1426 1619 Adde
1452 1587 1533 1620 Sta·

839 1645 952 1680 tium.
984 1644 1049 1677 W.

901 1705 964 1745 14.
1015 1707 1055 1733 at
1093 1697 1150 1731 illi
1197 1716 1255 1723 ——
1286 1691 1367 1741 stat:
1410 1697 1534 1745 pudor

839 1764 925 1792 ante
958 1758 1100 1803 genas)
1137 1753 1244 1801 quod
1266 1750 1378 1785 alias:
1423 1754 1534 1799 genis

838 1811 998 1852 insidet,
1040 1809 1145 1845 inest.
1206 1811 1267 1844 Sic
1297 1808 1433 1844 Horat.
1464 1810 1535 1848 IV.

840 1868 916 1904 Od.
945 1877 1007 1911 15.
1032 1877 1068 1911 7.
1098 1866 1146 1901 de
1163 1866 1321 1903 Amore,

897 1943 954 1951 —
982 1943 1040 1950 --
1067 1940 1123 1949 --
1152 1943 1205 1949 —
1239 1921 1353 1958 Chiae

952 1476 991 1510 Si
1033 1475 1100 1509 tibi

898 1981 1064 2015 Pulchris
1095 1978 1249 2014 excubat
1281 1980 1319 2011 in
1337 1979 1456 2025 genis.

843 2036 890 2071 cf.
923 2035 1042 2084 Vulp.
1080 2035 1214 2070 Minus
1245 2034 1341 2069 bene
1364 2034 1407 2069 in
1429 2034 1537 2069 huno

840 2093 1005 2128 modum
1030 2091 1132 2126 dixit
1148 2090 1399 2129 LotichiusL
1422 2089 1481 2125 El.
1496 2097 1537 2133 5.

955 2149 1054 2183 Dum
1083 2146 1208 2195 roseas
1237 2147 1294 2181 illi
1313 2144 1395 2194 fiat
1417 2145 1536 2195 sopor

1122 2212 1208 2238 ante
1235 2216 1364 2251 genas,

841 2263 893 2298 Et
913 2263 992 2302 111,
1019 2260 1079 2295 El.
1106 2270 1143 2304 7.

959 2317 1115 2357 Gloria,
1157 2329 1250 2364 quae
1281 2316 1416 2349 cineres
1433 2326 1536 2348 excu-

1121 2373 1186 2408 bat
1206 2380 1291 2408 ante
1312 2380 1405 2405 tuos.

906 2438 970 2475 15.
1001 2430 1074 2466 Sed
1104 2438 1139 2464 ἴε
1170 2442 1215 2462 ne
1243 2430 1300 2472 c.)
1332 2427 1377 2460 ad
1400 2425 1536 2473 vulga·

843 2502 926 2525 :rem
956 2487 1173 2523 orationem
1207 2485 1253 2520 fic
1277 2482 1535 2531 explendum:

845 2546 887 2580 Si
911 2556 1037 2580 tamen
1059 2543 1100 2577 in
1120 2553 1302 2579 amorem,
1336 2538 1442 2586 quod
1466 2550 1538 2572 no·-

843 2601 927 2641 lim,
959 2599 1157 2638 incideris,
1182 2608 1261 2632 tum
1284 2596 1375 2629 haec
1397 2604 1432 2629 te
1451 2606 1538 2628 mo-

843 2657 974 2693 nitum
998 2656 1069 2692 effe
1094 2653 1238 2691 velim:
1270 2660 1306 2688 te
1324 2664 1370 2686 ne
1390 2652 1540 2701 capiant:

1464 2715 1536 2740 etc.
