1752 2974
496 127 605 162 LIB.
645 122 720 160 IV.

795 120 977 156 CARM.
1017 120 1048 154 1.
1417 114 1498 157 245

61 248 197 311 Quas
232 242 483 304 utrinque
515 248 696 285 tenens
728 233 913 281 similis
947 229 1141 279 vicinia
1180 228 1308 275 caeli

59 336 366 396 Temperat,
415 327 542 374 alter
576 334 626 370 et
659 322 874 369 alterius
910 321 1050 368 vires
1087 325 1236 365 necat
1267 318 1365 362 ae‘r.

60 421 197 467 Hinc
228 415 463 483 placidus
492 410 646 459 nobis
678 426 773 475 per
797 419 1031 474 tempora
1055 406 1283 455 vertitur
1307 417 1501 459 annus;

58 508 195 554 Hinc
219 516 269 552 et
295 503 427 551 colla
446 501 576 564 iugo
610 496 797 545 didicit
819 495 1125 545 submittere
1146 505 1347 547 taurus,
1393 504 1497 550 17o

58 598 122 641 Et
156 594 295 640 lenta
330 584 555 636 excelsos
589 586 713 633 vitis
749 583 1096 632 conscendere
1127 596 1318 636 ramos,

56 685 101 728 T
105 679 442 739 ondeturque
475 671 615 737 seges
640 682 874 721 maturos
903 687 1077 719 annua
1105 679 1310 734 partu53

55 771 118 815 Et
152 765 294 814 ferro
328 763 513 818 tellus,
570 769 768 825 pontus
804 757 1138 808 confinditur
1177 772 1305 804 aere.

56 855 200 922 Quin
243 853 398 899 etiam
437 848 644 896 structis
678 845 964 911 exsurgunt
1005 843 1201 911 oppida
1234 842 1419 891 muris.

54 945 194 1005 Ergo
210 940 307 988 ubi
321 954 417 1004 per
436 937 597 984 claros
615 937 773 983 ierint
798 946 886 983 tua
902 933 1032 982 facta
1048 931 1362 996 triumphos,
1395 947 1414 977 1
1426 943 1454 989 7
1465 941 1492 986 5

54 1029 207 1078 Solus
238 1037 466 1090 utroque
497 1023 641 1071 idem
671 1023 860 1071 diceris
892 1037 1112 1085 magnus
1144 1020 1203 1066 in
1240 1017 1380 1065 orbe.

54 1118 185 1166 Non
214 1131 311 1180 ego
341 1111 459 1162 sum
490 1109 608 1160 satis
639 1110 704 1158 ad
739 1119 907 1158 tantae
939 1106 1217 1172 praeconia
1244 1104 1430 1160 laudis,

116 1322 207 1365 167.
258 1323 359 1373 Quas
404 1323 572 1369 utrinque
618 1329 741 1355 tenens

48 1381 182 1429 similis
221 1381 356 1414 vicinia
387 1379 479 1414 caeli
515 1376 740 1424 Temperat)

55 1449 145 1472 eum
185 1435 332 1470 caelum
369 1436 411 1469 in
451 1444 613 1481 utraque
645 1445 741 1467 zona

57 1491 295 1528 tantumdem
315 1500 511 1526 remotum
540 1490 610 1530 est;
644 1489 683 1523 h.
708 1502 740 1524 e.

56 1550 97 1583 in
127 1559 288 1595 utraque
328 1557 549 1594 remperata.
632 1547 742 1579 Zona

54 1602 263 1639 intervallo
282 1604 367 1651 pari
385 1616 404 1637 a
426 1613 629 1651 terraqueo
649 1602 742 1637 orbe

56 1660 170 1696 abest:
213 1659 260 1693 ad
299 1660 442 1694 sensum
473 1658 681 1694 hominum
714 1658 744 1691 fi

54 1717 236 1752 aestimes.
267 1715 419 1764 fimilis,
450 1727 544 1762 pro,
570 1728 650 1763 par.
689 1714 743 1749 ita

57 1784 101 1808 ut
141 1785 203 1807 eae
229 1775 428 1821 {utrinquffi
482 1772 527 1807 ab
580 1782 743 1818 utraque

56 1840 185 1878 parte,
230 1828 395 1864 habeant
428 1826 522 1862 hinc
563 1827 744 1876 gelidam,

56 1885 167 1920 illinc
187 1884 401 1925 fervidam,
434 1897 549 1931 quam
580 1882 745 1933 appella-

55 1955 155 1980 mus,
185 1940 281 1975 caeli
300 1939 476 1989 plagam:
506 1942 610 1976 unde
629 1941 747 1974 inter·

57 1998 176 2045 posita
205 1996 316 2045 plaga
349 2007 603 2045 temperatum
631 1995 748 2030 habet

58 2066 196 2088 aerem.
257 2052 415 2088 Caelum
444 2053 640 2093 vicinum,
684 2052 747 2086 [eu

58 2111 194 2145 vicinia
231 2109 321 2143 caeli
357 2109 477 2149 dicta,
526 2120 570 2144 ut
609 2109 748 2145 vicinus

61 2166 124 2200 Sol
158 2165 282 2200 dictus
318 2174 396 2199 erat
426 2166 545 2201 modo
585 2180 622 2201 v.
657 2170 747 2206 145.

59 2223 201 2256 vicinus
229 2220 375 2255 Phoebo
405 2221 575 2257 Padaeus
597 2222 660 2257 feu
686 2221 748 2254 In·

62 2277 146 2313 dus.
183 2277 333 2315 Tenens,
348 2276 619 2325 complectens,
644 2275 750 2312 amb-

61 2346 158 2369 iens-

125 2390 215 2434 168.
258 2389 352 2424 alter
389 2398 425 2423 et
461 2388 611 2425 alterius
658 2389 752 2423 vires

62 2455 169 2481 necat:
192 2445 271 2492 aer)
305 2444 420 2481 Calor
441 2445 539 2481 aeris
569 2458 616 2479 ex
636 2446 751 2481 torri-

0 2511 1 2544 ]
64 2503 109 2537 da
131 2501 308 2551 spirantis
339 2501 545 2550 extinguit,
578 2501 751 2550 perimit,

61 2559 142 2594 sive
176 2568 363 2606 temperat
384 2557 506 2606 frigus
537 2558 653 2598 aeris,
684 2557 755 2604 qui

65 2626 113 2649 ex
153 2614 293 2663 frigida
314 2613 460 2665 *lpiran
504 2613 625 2652 Ovid.
658 2614 753 2651 Met.

66 2672 98 2712 1.
120 2677 183 2715 51.

1385 1189 1498 1256 Ipse

872 1317 1170 1365 Temperiemque
1209 1314 1331 1353 dedic,
1383 1313 1500 1346 mixta

1069 1386 1146 1406 cum
1165 1369 1313 1418 frigore
1324 1368 1498 1416 flamma.

872 1451 962 1499 169.
1001 1464 1066 1499 per
1106 1449 1301 1497 tempora)
1344 1462 1381 1483 n.
1429 1445 1498 1481 illa

810 1520 976 1560 quatuor
1005 1520 1105 1540 anm.

872 1587 963 1619 172.
999 1574 1256 1622 Tondeturque
1268 1569 1397 1621 seges)
1416 1571 1456 1606 h.
1471 1569 1499 1605 l.

809 1647 882 1684 pro
915 1644 1013 1668 terra
1038 1630 1202 1670 consita,
1240 1642 1313 1678 pro
1338 1628 1436 1664 [atis.
1459 1640 1498 1662 v.

809 1689 986 1726 Broukh.

872 1782 885 1803 1
898 1778 962 1812 73.
991 1768 1166 1802 Acumen
1184 1777 1322 1813 parum
1336 1774 1500 1811 gratum.

809 1827 872 1862 De
897 1823 1090 1862 aratione,
1121 1834 1236 1869 quam
1256 1833 1324 1869 per
1346 1819 1501 1867 ferrum.

811 1893 1012 1918 vomerem
1035 1878 1223 1917 declarat,
1255 1877 1333 1911 iam
1363 1885 1502 1923 egerat.

816 1951 898 1978 aes,
953 1935 1069 1972 rostra
1115 1934 1163 1969 ad
1211 1933 1504 1982 navigationem

814 1996 993 2043 spectant.

875 2057 966 2093 175.
1009 2062 1075 2097 per
1123 2048 1244 2082 claros
1294 2047 1403 2080 ierint
1441 2053 1505 2080 tua

807 2106 917 2155 facta
946 2105 1174 2153 triumphos)
1214 2103 1255 2139 h.
1286 2101 1504 2140 habuerint,

815 2162 1050 2200 meruerint,
1094 2159 1317 2210 triumphos
1346 2171 1405 2193 res
1428 2171 1447 2192 a
1469 2168 1505 2192 te

816 2219 946 2268 gestae.
968 2231 1007 2253 v.
1032 2217 1136 2256 Obff.

878 2276 968 2320 176.
1022 2284 1177 2323 utroque
1203 2290 1259 2299 -—
1285 2271 1399 2315 orbe)
1463 2271 1507 2306 in

818 2343 979 2380 utraque
1036 2343 1131 2366 zona
1180 2338 1410 2377 temperata,
1471 2337 1509 2362 et

818 2387 1129 2437 septentrionali,
1170 2397 1207 2421 et
1243 2384 1414 2426 australi,
1463 2395 1508 2419 ut

819 2455 919 2480 recte
944 2443 1123 2492 Vulpius.
1159 2442 1240 2478 vid.
1274 2440 1321 2475 ad
1350 2455 1388 2476 v.
1416 2449 1505 2485 150.

819 2502 955 2539 Minus
1005 2492 1102 2535 bene
1145 2497 1320 2534 Broukh.
1362 2510 1400 2533 et
1435 2498 1509 2536 Vir

821 2558 957 2593 doctus
987 2555 1033 2591 ad
1054 2554 1205 2590 callim.
1236 2553 1279 2588 in
1301 2553 1390 2590 Del.
1416 2554 1508 2597 163.

821 2614 946 2650 Asiam
995 2622 1032 2649 et
1085 2612 1283 2660 Europam
1337 2610 1512 2661 intelligi

822 2669 977 2709 volunt.
