1752 2974
351 763 793 813 PRAEFATIO
834 767 1218 816 EDITORI&

57 987 216 1072 Anni
257 1030 386 1088 elapfi
425 1031 523 1073 sunt
563 1028 676 1081 duo,
732 1043 787 1071 ex
822 1043 910 1084 quo
943 1027 1115 1071 Tibulli
1154 1027 1287 1070 editio
1327 1037 1486 1084 quarta

54 1121 222 1179 prodiit
259 1129 384 1162 aucta
421 1120 536 1162 notis
578 1127 621 1161 et
661 1119 1037 1160 observationibus
1076 1118 1181 1160 Ern.
1220 1119 1317 1159 Car.
1357 1118 1483 1163 Frid.

53 1210 420 1262 VVunderlichii,
478 1208 526 1251 in
564 1222 650 1264 qua
691 1207 947 1250 adornanda
989 1221 1101 1262 quae
1145 1223 1270 1249 meae
1316 1208 1484 1251 fuerint

53 1309 212 1360 partes,
243 1300 291 1342 in
320 1299 595 1358 praefatione
626 1298 738 1340 tomi
768 1297 906 1356 primi
933 1297 1133 1355 exposui.
1195 1297 1482 1354 Quamquam

52 1400 201 1434 autem
233 1391 343 1433 bene
376 1404 605 1440 noveram,
635 1388 766 1430 ineffe
797 1390 843 1429 in
876 1402 927 1428 ea
956 1388 1161 1429 inchoata
1193 1403 1304 1443 quae
1327 1387 1481 1445 perfe-

52 1491 120 1523 cla
152 1482 309 1531 velles,
360 1480 445 1522 alia
476 1480 614 1521 deeffe
645 1493 756 1533 quae
787 1477 1031 1535 exspectari
1059 1480 1177 1534 poffe
1208 1478 1481 1530 viderentur,

51 1588 212 1628 aequos
243 1580 390 1613 tamen
422 1578 464 1612 et
492 1569 786 1624 intelligentes
813 1583 967 1610 rerum
996 1568 1161 1610 iudices
1191 1583 1283 1609 non
1305 1557 1479 1611 melne-

51 1663 174 1712 bam,
204 1662 279 1718 qui
308 1661 533 1702 fortunam
565 1659 835 1715 agnovissent
864 1673 916 1699 eo
948 1667 1150 1716 tempore
1177 1657 1366 1701 mirifice
1395 1659 1434 1699 T
1438 1659 1479 1700 i-

50 1753 159 1794 bulli
206 1751 451 1793 commodis
497 1750 817 1792 adversantem.
889 1750 1073 1792 Moleste
1118 1751 1218 1791 sane
1265 1748 1478 1801 ferebam,

49 1843 283 1884 Tibullum
324 1858 415 1883 non
454 1840 508 1883 iis
549 1840 755 1883 omnibus
795 1840 1054 1881 instructum
1095 1839 1309 1898 prodire,
1367 1854 1479 1895 quae

50 1931 433 1975 &Vunderlichius
462 1931 508 1974 in
538 1947 641 1974 eum
669 1930 813 1972 suimet
838 1930 1098 1982 collaturus,
1124 1930 1196 1972 sed
1229 1929 1478 1972 cedendum

51 2024 260 2081 putabam
306 2022 607 2080 temporibus,
663 2022 820 2078 quibus
866 2037 937 2063 res
985 2021 1205 2065 humanae
1249 2026 1480 2076 reguntur.

53 2114 167 2154 Ecce
205 2128 314 2155 vero
356 2128 472 2154 nova
510 2113 589 2154 lux
630 2112 800 2155 affulfit.
876 2111 1196 2169 Conspirarunt
1240 2110 1379 2152 amice
1426 2109 1481 2150 ad

55 2202 170 2244 hanc
200 2202 370 2246 Tibulli
401 2203 640 2245 editionem
672 2201 916 2244 ornandam
949 2201 1037 2242 duo
1065 2199 1169 2245 Viri
1200 2201 1367 2251 eximii,
1401 2201 1482 2242 do-

58 2295 261 2334 ctisfimus
283 2293 472 2342 Bardili,
504 2292 582 2349 qui
612 2292 786 2334 diaconi
814 2306 1002 2334 munere
1032 2291 1234 2348 fungitur
1264 2290 1484 2333 Urachiae

59 2384 174 2441 apud
200 2383 650 2439 VVirtembei-genses,
680 2389 723 2424 et
744 2382 874 2424 Imm.
898 2382 954 2424 G.
978 2381 1244 2433 Huschkius‚
1272 2380 1486 2439 profeffor

61 2473 372 2516 celeberrimus
391 2472 731 2524 Rostochienfis‚
762 2486 956 2528 quorum
981 2473 1057 2516 ille
1088 2489 1138 2514 ea
1169 2472 1319 2514 omnia
1340 2471 1485 2513 denuo

63 2565 176 2606 mihi
207 2564 388 2617 obtulit,
418 2578 529 2619 quae
553 2562 905 2608 Wunderlichio
934 2562 1110 2606 miserat
1139 2577 1281 2606 novae
1306 2556 1488 2603 editioni

1377 2650 1492 2694 inse-
