1752 2974
454 106 511 168 111
526 133 566 167 Β.
604 131 679 169 lv.
749 131 931 167 CARM.
963 132 1012 169 v.
1046 135 1119 171 vt.

1423 138 1501 182 261

67 241 225 309 Quod
253 241 294 290 fi
327 242 463 292 forte
496 245 625 293 alios
655 245 761 291 iam
789 261 933 293 nunc
963 243 1183 310 suspirat
1213 264 1430 310 amores,

143 333 228 377 Tu
254 347 462 395 precor,
500 329 727 388 infidos,
766 329 961 390 sancte,
996 333 1239 399 relinque
1263 335 1424 387 focos.

64 417 179 464 Nec
213 428 271 465 tu
303 417 369 465 sis
398 415 612 474 iniusta,
653 421 856 468 Venus:
897 421 985 469 vel
1020 419 1209 469 serviat
1231 441 1396 488 aeque

139 505 354 552 Vinctus
386 514 610 568 uterque
639 506 763 564 tibi,
817 508 905 556 vel
937 525 1053 556 mea
1081 509 1258 559 vincla
1290 513 1430 570 leva;

65 590 164 637 Sed
197 592 375 655 potius
404 591 578 639 valida
609 603 882 642 teneamur
906 605 1130 660 uterque
1156 609 1350 664 catena,
1441 614 1498 659 15

33 670 35 673 ’
128 678 292 724 Nulla
322 688 478 742 queat
504 678 720 745 posthac
746 697 908 744 quam
933 682 1140 734 solussse
1168 686 1291 734 dies.

60 765 213 827 Optat
234 764 375 812 idem
400 764 639 823 iuvenis,
680 768 828 832 quod
850 787 974 828 nos,
1013 771 1103 820 sed
1124 775 1308 823 tectius
1334 784 1501 839 optat·

1487 813 1501 833 5

133 852 274 899 Nam
307 851 474 919 pudet
500 853 628 902 haec
657 856 809 904 illum
838 856 1013 906 dicere
1044 861 1204 909 verba
1236 863 1422 927 palam.

56 938 123 986 At
144 947 230 996 tu,
271 940 502 999 Natalis,
553 944 807 1005 quoniam
837 943 969 995 deus
997 949 1175 996 omnia
1207 948 1383 1007 sentis,

129 1024 344 1085 Adnue3
373 1028 507 1091 quid
526 1028 698 1088 refert,
731 1031 931 1081 clamne
952 1035 1193 1101 palamne
1214 1038 1398 1102 roget?
1428 1052 1494 1086 20

457 1175 496 1217 C-
529 1171 578 1214 A
611 1173 657 1215 R
692 1173 762 1216 M
790 1175 837 1216 E
869 1176 928 1218 N
997 1176 1088 1220 VI.

50 1241 276 1312 Natalis
301 1263 465 1320 Iuno,
501 1259 704 1312 sanctos
730 1281 854 1331 cape
875 1267 1006 1316 turis
1028 1267 1276 1327 honores,

51 1490 92 1523 in
134 1490 301 1524 carmine
342 1490 383 1524 in
431 1489 534 1526 diem
571 1493 734 1529 natalem

48 1556 149 1580 recte
180 1545 406 1593 compellari
433 1547 580 1586 senties.

111 1614 171 1637 11.
196 1601 360 1651 suspirat
380 1603 549 1653 amores)
580 1617 622 1642 ut
643 1608 672 1648 Ι,
698 1607 736 1648 6,

110 1714 162 1749 Te
201 1723 320 1755 tenet,
361 1714 528 1764 absentes
555 1719 650 1755 alios
671 1718 734 1768 su-

317 1769 440 1820 spirat
467 1788 620 1812 amores.

47 1825 119 1860 ubi
147 1839 185 1860 v.
216 1826 321 1863 Obss'.

110 1891 171 1916 12.
204 1881 342 1929 infidos
372 1903 427 1913 —
447 1885 586 1934 focos)
626 1890 733 1925 focos

47 1935 229 1987 in2domo
252 1941 395 1987 perfidi
427 1946 620 1981 amatoris.

109 2003 169 2038 13.
193 1994 356 2045 serviat)
387 2000 489 2037 Vide
524 2001 733 2038 Mitscherl.

49 2051 94 2085 ad
131 2053 267 2088 Horat.
300 2055 346 2088 T.
378 2057 408 2090 I.
448 2069 534 2105 pag.
564 2066 657 2100 30¹·
698 2070 735 2094 et

46 2119 129 2155 pag.
152 2114 245 2153 429.
277 2111 343 2146 W.

112 2171 172 2205 15.
205 2165 278 2198 Sed
299 2169 423 2211 potius
447 2166 593 2221 valida)
625 2171 733 2206 Idem

49 2219 159 2255 color
202 2222 407 2263 orationis,
450 2239 491 2260 ac
521 2228 599 2275 sup.
634 2230 663 2267 I,
697 2237 733 2268 2,

51 2277 113 2321 65.
143 2276 207 2313 66.

106 2333 194 2369 Non
217 2346 306 2380 ego,
339 2344 440 2372 totus
463 2337 598 2387 abqffet
615 2353 732 2380 amor,

319 2390 387 2439 sed
415 2404 557 2429 mutuus
578 2393 676 2444 effet,

164 2446 347 2486 Orabam:
387 2463 448 2484 nec
479 2459 513 2485 te
541 2449 644 2500 poffe
675 2467 732 2488 ca-

323 2518 400 2539 rere
429 2507 551 2543 velim.

46 2560 95 2592 H.
127 2558 269 2594 Confer
294 2560 643 2599 Mitscherlichium
667 2565 734 2601 do-

48 2624 105 2649 cte
137 2615 181 2649 de
214 2615 282 2650 hac
311 2629 353 2649 re
396 2618 647 2665 disputantem
689 2622 734 2658 ad

46 2670 179 2706 Horat.
204 2671 249 2708 T.
272 2674 301 2707 1.
334 2686 370 2722 p.
394 2682 487 2723 595.
528 2678 591 2712 W.

1345 1360 1495 1426 Quos

865 1507 926 1541 17.
961 1501 1088 1532 tectius
1118 1499 1253 1547 optat)
1288 1500 1335 1535 ad
1366 1501 1490 1548 pudo-

801 1566 884 1589 rem
907 1554 1069 1602 ingenui
1100 1555 1373 1592 adolescentuli
1394 1557 1491 1592 refe-

803 1609 980 1645 rendum.
1014 1623 1050 1644 v.
1081 1611 1186 1647 Obff.
1217 1614 1267 1649 H.
1334 1613 1491 1652 Eadem,

803 1676 922 1714 puto,
966 1666 1011 1701 de
1041 1668 1165 1707 causa,
1210 1682 1323 1717 quam
1357 1671 1421 1717 IV,
1455 1670 1492 1708 6,

808 1729 869 1765 15.
896 1721 957 1758 16.
989 1722 1141 1758 allatam
1163 1725 1266 1760 vide.
1297 1727 1362 1762 W.

864 1791 925 1825 ¹9·
956 1780 1108 1814 Natalis
1127 1800 1181 1807 ——
1200 1781 1315 1830 deus)
1344 1783 1492 1818 Notan-

804 1834 874 1869 dus
896 1834 960 1871 hic
983 1836 1090 1871 locus
1112 1836 1159 1872 est
1179 1837 1225 1872 de
1254 1837 1326 1874 deo
1348 1839 1491 1877 Natali,

802 1891 865 1926 feu
887 1892 1035 1932 Genio,
1068 1905 1147 1927 non
1171 1894 1276 1942 saepe
1298 1895 1340 1929 in
1362 1895 1488 1943 poetis

804 1947 937 1984 obuio.
971 1948 1081 1984 conf.
1106 1950 1182 1998 sup.
1206 1952 1252 1990 ΙΙ,
1277 1960 1313 1991 2,
1341 1965 1376 1987 1.

994 2038 1201 2076 Carmen
1231 2041 1305 2078 VI.

859 2105 919 2140 Ad
951 2108 1140 2143 Iunonem
1170 2103 1212 2144 in
1245 2109 1362 2145 natali
1381 2108 1488 2157 puel-

803 2160 880 2202 lae,
923 2177 1038 2210 quam
1068 2164 1280 2214 Sulpiciam
1309 2167 1379 2200 effe
1411 2178 1488 2200 cre-

804 2218 891 2253 dere
923 2218 1038 2259 licet,
1082 2221 1109 2255 si
1143 2221 1290 2270 reliqua
1322 2223 1490 2257 carmina

803 2286 1013 2324 compares.
1073 2280 1170 2313 Sunt
1190 2278 1235 2312 hi
1260 2277 1359 2326 elegi.
1381 2278 1489 2312 miri-

801 2330 879 2365 fico
913 2331 1043 2380 lepore
1077 2345 1113 2369 et
1137 2347 1227 2369 vere
1251 2334 1396 2370 urbana
1423 2347 1488 2368 ve-

800 2387 940 2423 nustate
984 2389 1140 2425 imbuti.
1227 2393 1288 2426 An
1329 2391 1375 2426 ab
1413 2391 1486 2438 ipsa

799 2443 928 2490 puella
950 2444 1081 2493 scripti
1101 2447 1184 2487 sint,
1216 2447 1302 2494 quis
1330 2447 1491 2481 affirmet

799 2497 866 2534 vel
887 2512 1021 2549 neget,
1054 2515 1143 2537 cum
1174 2503 1380 2539 auctoritas
1404 2503 1489 2538 ido-

801 2568 870 2590 nea
901 2557 1009 2591 nulla
1039 2558 1081 2592 sit
1096 2557 1115 2592 ¹?

864 2639 899 2660 1·
943 2625 1094 2661 Natalis
1142 2628 1264 2671 Iuno)
1311 2628 1364 2661 Ut
1409 2626 1489 2662 viri

802 2681 925 2718 Genio
954 2682 1043 2723 suo,
1086 2684 1137 2718 ita
1168 2683 1351 2719 mulieres
1374 2684 1489 2717 Iuno-

1450 2741 1491 2774 1ιὶ
