1752 2974
517 100 519 103 ’
578 100 651 136 ΕΤ
680 94 1114 135 CORRIGENDA.
1250 99 1253 101 ’
1516 107 1560 133 11

136 211 179 249 fit
209 213 384 263 cognita,
426 213 644 250 coniectura
675 209 800 258 aliqua
831 207 915 244 fleri
943 205 1069 258 potest
1098 220 1143 243 ex
1174 206 1327 243 chartae
1354 216 1466 254 nota,
1496 207 1566 245 lit-

135 288 212 317 tera
243 282 271 316 B
302 281 343 316 in
374 280 520 316 circulo
554 276 698 328 pofita,
750 275 994 313 tribuendam
1025 273 1098 311 effe
1135 274 1313 311 Thomae
1341 275 1564 320 Ferranclo,

100 376 104 384 .
133 348 236 384 claro
267 347 508 398 typographo
538 342 746 390 Brixiensi‚
778 344 883 381 cuius
911 341 1090 394 epistolas
1114 340 1356 379 Phalaridis
1383 341 1457 376 iam
1488 356 1564 377 no-

133 416 211 453 tavi
245 417 282 452 in
316 416 444 452 indice
473 413 690 450 Pinelliano
720 425 827 447 num.
858 411 983 460 3765,
1013 410 1082 446 ubi
1109 422 1198 446 vero
1227 409 1321 444 effici
1346 421 1423 443 non
1449 417 1563 458 pote-

131 491 214 529 rat,
265 491 394 519 utrum
424 481 490 517 ille
521 481 646 518 editor
678 493 725 516 an
759 478 1024 530 typographus
1063 484 1214 513 tantum
1243 473 1346 512 effet.
1415 475 1564 513 Revera

131 550 261 585 eadem
307 557 407 585 nota'
442 549 640 585 invenitur
685 547 726 583 in
769 546 984 597 Prone-{sci
1024 544 1202 595 Asulam'
1239 544 1400 580 Acerba
1445 544 1563 590 etuin

130 617 310 654 Statatis
334 616 616 662 Brixtenstbzffi
644 614 737 651 anni
765 615 886 664 1473.
916 613 963 649 ab
989 612 1065 648 hoc
1095 610 1338 662 typographo
1362 610 1563 661 impreffis,

132 696 175 720 ac
203 682 295 721 teste
328 683 530 721 clariffimo
559 683 684 728 Boni,
734 682 800 730 qui
831 681 989 718 uberius
1019 679 1095 728 egit
1127 679 1173 714 de
1203 678 1392 714 Ferrandi
1422 679 1566 715 editio-

130 751 247 787 nibus
286 752 325 788 in
365 751 503 788 litteris
546 748 860 801 typographicis,
910 748 1023 785 etiam
1064 747 1104 782 in
1141 748 1353 794 Propertio
1393 747 1564 783 eiusdem

129 819 320 855 Ferrandi
349 818 425 856 fine
456 818 548 856 anni
577 826 668 854 nota
702 813 816 868 (pag.
848 812 1073 867 LXXIX),
1113 813 1180 863 qui
1210 827 1259 849 an
1291 814 1446 860 eadem,
1488 828 1566 864 qua

131 887 336 933 Tibullus,
366 885 410 924 fit
435 885 674 937 impreffione
694 912 705 931 ,
739 884 949 922 videndum
984 882 1080 919 erit:
1121 881 1224 931 quod
1254 882 1458 930 quominus
1488 880 1568 918 sta-

133 962 283 1001 tuatur,
331 955 397 992 vix
426 954 610 1006 prohibet
637 966 802 1003 parvum
842 952 916 988 hoc
955 950 1192 995 discrimen,
1241 949 1345 998 quod
1384 949 1566 987 Tibullus

133 1021 395 1072 diphthongos
425 1036 472 1059 ae
503 1031 539 1059 et
569 1035 612 1059 oe
642 1021 791 1057 iunctas
811 1019 940 1065 habet,
974 1017 1197 1068 Propertius
1222 1015 1429 1066 separatas.
1489 1022 1567 1056 Ce-

130 1098 256 1127 terum
284 1104 363 1127 non
396 1089 448 1128 est
478 1089 631 1127 filentio
659 1088 1007 1138 praetereundum,
1047 1085 1303 1121 characterem
1337 1085 1485 1120 Tibulli
1515 1083 1567 1120 fi-

134 1142 264 1195 milein
307 1159 460 1207 quidem
506 1158 603 1206 effe,
658 1168 783 1205 neque
821 1164 947 1190 tamen
988 1153 1175 1198 eundem,
1229 1153 1295 1200 qui
1336 1151 1569 1201 Phalaridis,

132 1225 305 1262 Acen-bae
345 1240 387 1262 ac
415 1227 654 1264 statutorum
684 1219 960 1267 Brixicnsmm,
1004 1220 1073 1270 qui
1103 1228 1180 1255 tres
1220 1215 1291 1255 soli
1322 1220 1460 1256 veteris
1491 1220 1569 1256 im-

131 1292 330 1344 preffionis
362 1294 476 1341 libri,
511 1294 582 1332 hac
613 1301 733 1332 aetate
763 1284 868 1336 noti,
898 1287 1088 1327 Ferrandi
1113 1300 1255 1324 nomen
1282 1286 1441 1334 habent,
1472 1287 1570 1323 dili-

133 1370 342 1412 genterque
384 1376 405 1399 a
446 1377 505 1399 me
546 1364 703 1400 fuerunt
742 1357 905 1408 inspecti
911 1381 1088 1392 .....
1157 1355 1281 1391 Satius
1322 1355 1439 1403 igitur
1481 1356 1568 1403 erit,

135 1429 293 1466 aliunde
324 1428 463 1466 novam
495 1431 618 1468 lucem
649 1427 891 1479 exspectare,
921 1432 962 1461 ut
991 1421 1096 1459 haud
1127 1421 1349 1458 dubitanter
1380 1431 1444 1459 aut
1473 1424 1570 1459 Fer-

138 1498 260 1533 rando
291 1497 483 1535 tribuatur
514 1498 700 1535 Tibullus
731 1503 796 1531 aut
826 1493 934 1538 aliis,
976 1499 1034 1538 et,
1072 1504 1189 1539 quum
1219 1489 1322 1526 hona
1355 1488 1477 1527 desint
1505 1505 1571 1527 ar·-

137 1573 338 1613 gumenta,
368 1566 408 1601 in
440 1566 568 1602 medio
601 1566 842 1613 relinquere,
884 1573 1072 1610 quaenam
1101 1572 1121 1595 e
1150 1558 1274 1594 tribus
1304 1558 1453 1594 Tibulli
1484 1559 1572 1594 edi-

135 1632 307 1669 tionibus
339 1630 387 1686 (a
412 1633 527 1670 nobis
557 1631 751 1678 secundo,
782 1630 920 1674 tertio,
959 1635 1094 1677 quarto
1125 1626 1210 1662 loco
1241 1624 1400 1677 positis)
1442 1627 1570 1676 prima

136 1701 276 1749 fuerit,
310 1709 348 1737 et
378 1716 450 1752 qua
481 1716 522 1738 re
550 1699 743 1752 praestare
773 1697 822 1733 iis
852 1697 931 1733 dici
961 1695 1071 1747 poffit
1101 1695 1219 1730 trium
1250 1701 1450 1744 poetarum
1482 1695 1571 1730 edi—

139 1769 218 1815 tio,
269 1783 366 1819 quae
396 1770 571 1808 Venetiis
599 1768 748 1820 prodiit
777 1780 811 1802 a.
848 1765 952 1813 1472
983 1760 1146 1816 (primo
1186 1763 1270 1799 loco
1302 1776 1323 1796 a
1354 1762 1466 1797 nobis
1494 1776 1571 1811 po·-

141 1834 239 1889 fita).
300 1837 377 1873 Sed
407 1851 486 1874 non
517 1836 590 1874 hoc
621 1845 768 1874 tantum
799 1832 956 1870 nomine
987 1828 1179 1881 pretiosus
1210 1828 1264 1866 cst
1292 1829 1398 1865 hicce
1429 1829 1573 1866 Tibul-

138 1904 222 1951 lus,
258 1905 362 1954 quod
391 1904 578 1943 vetustate
608 1904 661 1942 est
692 1902 851 1953 insignis
884 1914 926 1936 ac
955 1899 1123 1937 novitate
1154 1896 1239 1934 sua:
1273 1897 1364 1933 inde
1395 1896 1573 1947 praesen-

114 1961 117 1968 1
143 1973 212 2008 tim
241 1971 294 2009 est
325 1974 483 2010 maximi
512 1973 737 2019 faciendus,
795 1968 898 2020 quod
927 1968 1052 2004 honae
1083 1963 1279 2016 inspersae
1310 1963 1398 2003 sunt
1433 1966 1573 2002 lectio-

143 2055 233 2087 neS,
285 2054 380 2090 quae
411 2051 475 2079 aut
504 2042 687 2086 omnino,
738 2047 804 2075 aut
833 2035 1036 2073 maximam
1066 2041 1166 2071 corte
1194 2042 1342 2083 partem
1373 2032 1414 2068 in
1445 2033 1573 2080 libris,

144 2108 215 2146 isto
247 2117 418 2160 ternpore
458 2108 665 2160 impreffis,
712 2120 792 2143 non
829 2103 1195 2155 deprehenduntur:
1248 2109 1289 2137 ut
1322 2100 1574 2150 intelligatur,

143 2192 223 2215 non
267 2192 313 2215 ex
349 2177 422 2214 alia
461 2177 630 2214 editione
669 2172 837 2211 describi
875 2169 1065 2222 potuiffe‚
1117 2167 1190 2206 nisl
1217 2169 1438 2205 rariffimam
1468 2169 1575 2205 illam

145 2244 325 2295 sequatur
361 2259 431 2295 per
470 2245 724 2283 Florentium
762 2240 810 2277 cle
839 2240 1077 2290 Argentina
1113 2235 1249 2287 (tertio
1286 2237 1371 2273 loco
1409 2251 1429 2273 a
1461 2237 1575 2273 nobis

146 2311 361 2364 positam),
394 2312 501 2349 cuius
529 2310 722 2361 exemplar
749 2308 1004 2345 Pinellianum
1036 2319 1122 2343 cum
1153 2312 1210 2340 tot
1242 2304 1327 2341 aliis
1356 2302 1577 2355 pretioslffi-

150 2382 223 2418 mis
261 2381 375 2417 libris
415 2380 456 2416 in
496 2378 734 2416 Britanniam
772 2375 888 2422 abiit,
949 2387 1073 2423 neque
1113 2372 1220 2409 aliud
1257 2371 1321 2407 hic
1361 2369 1579 2408 remansiffo

149 2457 285 2486 notum
316 2455 394 2494 est,
435 2446 538 2496 quod
568 2445 758 2497 inspicere
787 2443 932 2494 poffim.
1002 2441 1171 2486 Maiore,
1209 2454 1321 2489 quam
1353 2439 1448 2475 mihi
1480 2452 1577 2475 con-

150 2515 290 2553 ceffum
323 2513 398 2562 est,
439 2515 516 2551 otio
548 2527 643 2564 opus
681 2511 771 2551 effet
799 2511 849 2548 ad
878 2511 1072 2548 internum
1102 2508 1196 2544 libri
1225 2508 1392 2557 pretium
1423 2506 1579 2557 penitus

152 2581 458 2636 cognoscendum
464 2609 640 2619 .....
700 2582 746 2618 ln
779 2577 999 2618 universum
1028 2585 1153 2615 tamen
1185 2582 1309 2612 textus
1336 2575 1454 2626 magis
1484 2587 1582 2610 con-

1462 2638 1582 2695 spirat
