1752 2974
608 122 718 157 LIB.
762 120 842 158 IV.

132 232 305 269 versibus
333 236 461 270 minus
487 234 624 270 severis
648 233 819 276 luserint,

132 289 218 322 Sev.
251 290 467 338 Sulpicium
506 290 674 337 aliquem
704 289 821 325 refert

129 342 227 379 Plin.
253 347 351 393 Epp.
373 348 421 386 V,
446 356 481 389 3.

214 401 410 449 Vulpius,
465 414 549 437 cum
594 400 818 448 Sulpiciam,

129 466 224 502 quae
246 458 467 492 Domitiani
500 468 672 505 tempore
706 458 818 497 vixit,

127 522 231 547 :recte
262 526 308 546 ex
337 513 407 547 hac
445 513 706 560 disputatione
736 514 819 549 sub-

126 568 328 609 movisset,
370 568 412 602 in
437 568 599 604 alterum
623 580 748 605 tamen
772 570 818 604 il-

89 643 91 645 ·
125 623 192 657 lud
215 624 373 664 incidit,
406 635 447 659 ut
469 624 631 660 Tibullo
656 625 720 660 illa
742 640 819 660 car-

125 679 233 713 mina
274 680 450 715 assertum
495 692 574 721 eat,
637 682 817 729 inprimis

122 745 284 783 propter
304 735 486 772 dictionis
509 748 545 772 et
563 751 817 773 numerorum

125 790 436 827 similitudinem.
505 794 666 828 Easdem
693 804 817 842 partes

124 848 369 895 Ayrmannus
393 850 435 883 in
459 849 611 884 Tibulli
632 850 708 884 vita
735 861 817 885 tue-

126 902 238 937 batur
267 903 299 946 ᾗ.
336 911 399 948 74.
431 906 508 953 sqq.
549 916 591 940 ut
623 906 716 941 adeo
748 908 817 941 Ce-

124 959 281 994 rinthus
304 961 380 1008 ipse
403 960 606 1002 Tibullus,
649 961 817 1011 Sulpicia

126 1026 251 1050 autem
282 1017 412 1052 eadem
443 1030 529 1052 cum
558 1018 673 1053 Delia
705 1019 815 1060 effet3

125 1072 196 1107 ene
229 1073 397 1108 carmina
429 1087 470 1108 ea
500 1075 541 1108 in
572 1075 653 1123 ipso
681 1075 816 1110 iuven-

125 1139 184 1163 tae
227 1128 342 1163 florae
381 1130 536 1177 scripta,
588 1131 815 1179 primosque

124 1183 278 1219 Tibulli
308 1198 456 1222 amores
486 1186 692 1227 celebrari3
724 1187 814 1222 inde

123 1252 246 1288 genus
287 1241 463 1283 dicendi,
525 1243 630 1290 quod
672 1253 815 1278 caetera

124 1309 213 1331 cum
257 1296 423 1335 Albiano
463 1299 548 1334 satis
597 1300 814 1339 conveniat,

123 1352 335 1390 ubertatem
357 1354 524 1402 aliquam
546 1356 721 1402 prodere.
771 1358 815 1390 In

123 1421 203 1455 quo
219 1410 324 1444 docti
336 1411 412 1444 viri
428 1411 619 1446 iudicium
635 1411 814 1458 equidem

124 1465 319 1506 desider03
369 1466 583 1502 exilitatem
614 1469 744 1516 potius
775 1480 816 1502 ac

122 1523 347 1557 tenuitatem
370 1523 412 1556 in
436 1523 484 1558 iis
509 1526 690 1571 agnosco,
733 1535 814 1559 tum

125 1577 315 1613 defectum
339 1592 449 1613 curae
470 1590 506 1614 ct
527 1581 750 1628 diligentiae
773 1581 814 1615 in

121 1633 311 1681 poliendo
335 1636 529 1676 carmine3
560 1638 619 1671 sed
647 1637 813 1671 eiusmo-

124 1689 163 1723 di
185 1690 397 1731 defectum,
428 1693 490 1726 cui
512 1705 596 1727 curn
618 1693 814 1727 urbanita-

121 1755 180 1783 te,
222 1747 408 1794 elegantia
440 1761 481 1783 ac
514 1749 705 1784 venustate
734 1762 813 1784 non

121 1802 222 1838 male
253 1805 457 1844 convenit,
513 1816 549 1840 et
581 1805 649 1852 qui
681 1804 814 1853 pulcre

121 1858 165 1894 in
197 1860 330 1894 eodem
364 1873 479 1907 opere
513 1876 584 1895 una
626 1873 813 1898 moratur.

121 1919 244 1952 Porro
266 1916 295 1950 si
314 1916 522 1952 Cerinthus
543 1916 725 1952 Tibullus
747 1918 813 1951 ha-

120 1973 270 2010 bendus
313 1973 385 2014 est,
442 1973 630 2008 nonnulla
670 1975 711 2007 in
752 1973 814 2010 his

124 2029 361 2065 carminibus
404 2039 480 2064 tam
519 2029 677 2064 absurda
717 2030 811 2071 sunt,

122 2096 169 2122 ut
190 2084 294 2120 nihil
313 2085 441 2133 supra3
485 2099 523 2121 v.
546 2098 575 2120 c.
597 2086 663 2125 IV,
686 2092 722 2132 4.
748 2094 809 2130 ¹5·

125 2141 168 2181 6,
206 2148 245 2185 8.
326 2143 378 2176 lta
421 2142 533 2177 etiam
576 2141 642 2176 lib.
676 2145 730 2180 ΙΙ,
773 2152 810 2178 2.

120 2210 219 2246 quae
251 2197 297 2232 ad
333 2197 561 2233 Cerinthum
596 2198 730 2246 scripta
763 2199 812 2234 est

122 2267 142 2288 a
176 2252 360 2294 Tibullo,
412 2255 456 2288 ad
491 2255 646 2302 seipsum
686 2255 730 2289 ab
765 2268 810 2289 eo

120 2310 258 2358 scripta
286 2310 345 2346 est.
420 2309 535 2345 Delia
566 2321 693 2345 autem
729 2310 812 2345 Sul-

120 2366 223 2416 picia
255 2366 382 2401 Servii
423 2365 589 2415 Sulpicii
627 2366 709 2401 filia
742 2366 812 2401 else

119 2435 200 2458 :non
231 2421 350 2470 potest
380 2420 444 2456 vel
463 2434 676 2470 propterea,
708 2423 816 2471 quod.

123 2477 347 2516 libertinam
387 2476 494 2512 illam
525 2478 634 2514 fuiffe
667 2491 713 2513 cx
746 2491 813 2514 nso-

125 2534 226 2576 stro,
272 2535 344 2572 lib.
376 2536 403 2573 1,
437 2534 472 2574 6,
508 2534 570 2576 67.
607 2535 813 2584 probatum

125 2591 184 2625 est.
256 2592 425 2626 Tandem
468 2589 692 2630 Tibullum,
746 2604 813 2626 no-

125 2646 287 2686 strorum
307 2655 512 2700 poetarum
531 2659 653 2688 more,
682 2643 815 2685 ludere

920 119 1101 157 CARM.
1499 124 1577 167 251

1430 185 1446 203 1

887 232 1053 268 voluisse
1074 234 1115 269 in
1142 233 1247 271 fictis
1267 241 1528 283 argumentis,
1562 255 1582 278 a

888 301 996 324 more
1040 301 1076 326 et
1109 291 1212 325 sensu
1245 294 1486 338 antiquitatis
1517 298 1581 334 ab·

887 344 1044 386 horren
1073 347 1235 381 necdum
1252 348 1294 382 in
1311 348 1393 385 ullo
1410 350 1505 386 ficto
1523 366 1581 387 ar-

887 413 1096 448 gumento,
1138 416 1184 437 ne
1202 404 1243 438 in
1265 404 1397 439 divina
1420 407 1580 453 quidem

886 459 1001 505 Popii
1031 457 1185 506 epistola
1203 459 1386 501 «Eloifiw,
1439 473 1582 499 tantam

887 514 1009 550 sensus
1057 515 1257 551 veritatem
1310 530 1351 551 ac
1398 518 1581 566 simplici-

888 580 1002 604 tatem
1032 571 1140 611 vidi,
1181 583 1319 619 quanta
1344 573 1469 610 iuliis
1503 587 1580 610 car-

885 626 1058 662 minibus
1080 627 1139 661 est.
1199 630 1341 663 Drama
1362 641 1488 664 autem
1512 631 1581 666 ali-

888 683 992 729 quod
1032 696 1077 717 ex
1109 682 1185 718 hoc
1217 683 1476 731 elegidiorum
1510 701 1580 722 nu·

884 751 993 772 mero
1016 751 1246 786 componere
1266 740 1390 782 velle,
1423 742 1578 779 suavem

884 795 1033 842 ingenii
1071 793 1195 830 lusum
1245 796 1315 831 effe
1369 799 1578 834 concedam

887 851 1090 897 equidem,
1123 852 1182 887 sed
1206 853 1251 887 ad
1275 866 1405 888 meum
1431 855 1577 891 sensum

885 906 986 942 haud
1012 906 1264 955 probabilem.

940 963 1099 999 Relictis
1130 966 1261 1013 itaque
1289 966 1360 1007 iis,
1402 982 1498 1016 quae
1529 970 1576 1006 ab

886 1019 971 1055 aliis
1021 1031 1162 1056 temere
1204 1032 1240 1056 et
1290 1022 1439 1059 iudicio
1488 1037 1576 1062 ante

885 1077 1043 1111 caussam
1068 1079 1260 1125 cognitam
1282 1079 1488 1116 constituto
1507 1096 1576 1132 po·

884 1132 949 1166 sita
979 1132 1087 1171 sunt,
1129 1133 1352 1176 videamus,
1398 1138 1492 1183 quid
1527 1151 1575 1174 ex

883 1187 972 1235 ipsis
1017 1188 1253 1224 carminibus
1299 1191 1469 1239 intelligi
1509 1194 1575 1231 vel

884 1242 1018 1290 colligi
1061 1244 1184 1292 poffit.
1255 1245 1408 1282 Confi-it
1451 1249 1576 1296 igitur

883 1300 1077 1348 primum,
1119 1302 1189 1336 ess'e
1219 1315 1259 1337 ea
1290 1303 1332 1338 in
1362 1304 1583 1352 Sulpiciam„

884 1356 1052 1404 puellam
1066 1383 1076 1397 ,
1108 1358 1236 1392 Servii
1258 1358 1424 1407 Sulpicii
1441 1362 1466 1397 f.
1488 1364 1575 1408 (IV,

890 1425 951 1452 10,
983 1413 1049 1458 (ff.)
1083 1423 1119 1448 et
1148 1414 1189 1447 in
1222 1415 1476 1457 Cerinthunh
1527 1420 1575 1456 ab

884 1481 923 1501 ea
964 1479 1130 1503 amatum
1173 1483 1364 1518 puerum,
1427 1474 1574 1522 scripta.

883 1525 1002 1558 Porro
1029 1525 1097 1559 effe
1119 1524 1190 1559 alia
1214 1540 1259 1560 ex
1275 1526 1469 1575 Sulpiciae
1488 1543 1576 1579 per·

881 1581 969 1614 sona
1005 1582 1138 1628 scripta
1181 1581 1376 1630 (Carmen
1409 1587 1478 1623 ΙΙΙ.
1523 1588 1574 1624 V.

881 1637 965 1672 VH.
1007 1638 1112 1672 VIII.
1155 1638 1204 1673 X.
1242 1640 1308 1674 XI.
1347 1640 1431 1675 ΧΠ.
1472 1642 1574 1679 forte

883 1706 1039 1740 quoque
1055 1695 1150 1735 VI.)‚
1186 1704 1229 1729 ut
1251 1705 1375 1730 tamen
1400 1710 1473 1744 pro
1495 1711 1573 1734 cer-

882 1759 921 1784 to
971 1749 1150 1783 affirmari
1200 1763 1382 1798 nequeat,
1451 1754 1573 1791 sintne

883 1805 963 1840 eius
997 1819 1112 1839 manu
1144 1819 1190 1841 an
1230 1815 1366 1855 poetae
1409 1809 1573 1846 alicuius

880 1860 964 1896 lusu
988 1873 1156 1897 exarata:
1201 1874 1237 1898 et
1262 1862 1348 1898 [unt
1370 1866 1483 1914 pauci
1506 1866 1574 1902 aiii

879 1917 993 1967 Elegi
1021 1919 1067 1953 ad
1095 1918 1323 1954 Cerinthum
1355 1921 1419 1956 vel
1446 1923 1574 1971 Sulpi·

883 1974 998 2014 ciam,
1039 1975 1108 2021 qui
1130 1975 1271 2016 alium,
1316 1990 1429 2025 quam
1460 1977 1576 2014 alter-

882 2041 1036 2072 utrum,
1066 2041 1262 2067 auctorem
1288 2034 1482 2068 manifeste
1508 2034 1574 2069 ha-

882 2097 987 2122 cent:
1021 2101 1057 2122 v.
1072 2088 1248 2123 Carmina
1272 2089 1492 2124 molliffima
1517 2092 1570 2124 ΙΙ.

879 2153 916 2178 et
937 2144 1003 2181 [V.
1061 2143 1315 2180 Discriminis
1349 2157 1474 2182 tamen
1507 2145 1573 2181 ali-

880 2199 974 2247 quid
996 2200 1096 2235 inter
1116 2199 1187 2235 hos
1209 2211 1246 2235 et
1265 2200 1355 2237 illos
1376 2202 1504 2250 elegos
1523 2214 1570 2237 ex

881 2256 1060 2291 carminis
1094 2255 1226 2292 indole
1257 2258 1322 2294 vel
1351 2258 1481 2294 colore
1511 2259 1573 2293 de·

879 2311 1068 2360 prehendi
1107 2325 1189 2348 non
1235 2313 1367 2362 potest.
1443 2315 1572 2349 Etiam

879 2367 979 2403 illud
1003 2367 1196 2409 notabile,
1236 2369 1427 2420 Sulpiciae
1452 2370 1575 2405 confi-

882 2424 1048 2460 dentiam
1072 2423 1238 2472 aliquam
1259 2427 1300 2461 in
1322 2427 1465 2463 amoris
1485 2439 1574 2461 con·

881 2480 1059 2520 senione,
1117 2481 1295 2516 Corinthi
1322 2495 1416 2518 vero
1448 2483 1574 2530 pudo·

882 2550 965 2571 rem
995 2549 1035 2570 ac
1067 2536 1270 2578 timorem,
1301 2539 1356 2583 (=
1389 2537 1572 2587 inprimis

881 2591 941 2627 El.
965 2594 1030 2635 V.)
1053 2602 1231 2640 tanquam
1253 2594 1462 2630 admodum
1482 2594 1575 2630 ado-

882 2647 1082 2686 lescentuli
1107 2648 1314 2687 observari.

1445 2707 1573 2758 Atque
