1752 2974
213 169 292 198 100

665 155 869 196 ALBII
925 155 1229 198 TIBVLLI

213 271 315 320 Sed
343 290 533 338 corpus
562 269 777 336 tetigisse
803 281 985 329 nocet,
1030 270 1118 320 sed
1146 273 1303 337 longa
1326 269 1520 321 dediss'e
1584 286 1648 333 25

290 359 499 417 Oscula,
548 359 636 406 sed
675 357 868 406 femori
900 356 1209 408 conseruisse
1243 357 1433 407 femur.

213 447 329 495 Nec
365 459 425 495 tu
451 443 683 494 difficilis
707 461 876 510 puero
897 453 1070 496 tamen
1093 445 1189 494 effe
1210 457 1505 506 mement03

286 533 620 597 Persequitur
650 531 838 600 poenis
871 532 1033 581 tristia
1067 532 1201 582 facta
1235 537 1425 584 Venus.

214 623 442 669 lVIunera
471 638 538 669 ne
570 620 772 686 poscas;
815 618 903 667 det
938 637 1159 668 munera
1185 639 1341 671 canus
1367 633 1581 681 amator,

291 710 362 756 Ut
382 706 560 758 foveas
581 710 734 758 molli
755 706 948 773 frigida
969 709 1206 756 membra
1231 708 1362 758 sinu.

1587 723 1658 766 50

213 796 401 845 Carior
430 796 502 845 est
527 814 656 846 auro
680 795 918 853 iuvenis,
960 796 1046 844 cui
1068 796 1207 844 levia
1231 794 1439 861 fulgent

291 886 418 942 Ora,
457 902 554 933 nec
588 885 858 949 amplexus
890 881 1063 948 aspera
1093 883 1252 932 barba
1292 886 1427 932 terit.

214 972 355 1020 Huic
390 982 450 1021 tu
484 973 761 1021 candentes
792 971 1021 1020 humero
1054 969 1293 1037 suppone
1316 969 1549 1029 lacertos,

292 1063 359 1109 Et
388 1057 572 1126 regum
603 1075 819 1125 magnae
850 1059 1203 1126 despiciantur
1233 1075 1374 1125 opes.

215 1307 396 1342 versuum
426 1314 476 1348 23
501 1321 552 1332 --
578 1305 644 1339 26.
675 1304 766 1339 vide
796 1306 906 1353 supra

214 1362 290 1397 iam
313 1365 344 1403 I,
369 1369 406 1406 5,
430 1368 492 1406 45.
516 1368 579 1405 44.
602 1362 821 1409 expressam.
839 1363 905 1396 W.

273 1448 339 1484 25.
376 1440 440 1474 26.
473 1439 648 1474 Pholoen
681 1451 728 1473 ex
756 1449 907 1487 proter·

215 1510 353 1533 varum
396 1495 639 1545 puellarum,
702 1508 794 1543 quas
834 1507 906 1530 nos

218 1555 413 1601 Coquecces
440 1551 699 1601 appellamus,
739 1563 905 1586 numero

215 1608 324 1645 fuiffe
365 1609 506 1644 necesse
550 1607 607 1643 est.
678 1607 908 1643 Formosum

214 1677 383 1714 puerum
420 1665 489 1699 illa
529 1662 724 1699 illecebris
767 1663 842 1698 suis
871 1674 909 1698 et

215 1720 415 1757 amatoriis
456 1719 644 1768 nequitiis
686 1718 905 1754 levioribus

215 1778 263 1812 ad
293 1776 350 1811 [ui
379 1789 549 1813 amorem
577 1775 807 1824 pellexerat,
845 1775 907 1809 sed

212 1833 402 1869 ulteriora
440 1832 553 1881 pueri
595 1843 686 1867 vota
725 1829 906 1880 repreffit.

215 1890 263 1925 cf.
295 1902 334 1925 v,
365 1896 432 1938 49.
462 1890 512 1924 H.
571 1898 676 1922 nocet
704 1886 743 1923 h.
768 1902 798 1923 e.
827 1887 906 1921 ani-

215 1958 325 1981 mum
362 1947 465 1981 curis
509 1945 651 1979 amoris
680 1944 904 1992 perturbat;

214 2002 382 2037 ‘verbum
423 2000 598 2050 generale
625 2001 826 2048 potentius
859 1999 907 2034 est

214 2058 392 2107 speciali,
439 2057 660 2107 praesertim
692 2056 768 2091 hoc
799 2056 904 2097 loco,

215 2114 288 2149 ubi
317 2113 420 2149 lusus
448 2115 490 2148 in
518 2113 649 2148 verbis
674 2111 831 2161 nocuiſje
851 2131 905 2140 ——

214 2179 322 2205 nocet
354 2170 523 2208 accedit,
557 2170 602 2204 de
624 2181 702 2217 quo
724 2169 805 2204 vid.
825 2170 905 2218 sup.

215 2227 322 2265 adl,
343 2235 389 2270 5,
412 2233 474 2273 44.
506 2227 572 2262 W.

271 2326 337 2360 27.
368 2313 453 2352 'Nec
484 2327 522 2352 tu
554 2318 638 2361 —)
678 2315 906 2363 Alloquitur

213 2386 318 2409 nunc
365 2373 556 2411 Pholoen.
615 2374 664 2406 Η.
752 2374 904 2418 Quanto

216 2429 391 2477 flagraret
422 2430 620 2465 Marathus
651 2442 780 2464 amore
804 2431 904 2466 Pho-

215 2485 318 2525 loes,
371 2498 492 2533 quum
543 2487 631 2521 effet
674 2496 720 2521 17
752 2505 805 2511 —
838 2488 902 2524 26.

215 2541 412 2582 ostensum,
435 2541 617 2577 Tibullus
637 2543 766 2590 pergit
784 2555 822 2576 v.
839 2554 904 2586 27.

214 2598 261 2631 ad
288 2597 393 2631 illam
431 2599 683 2638 monendam,
734 2609 778 2633 ut
808 2610 901 2633 vota

211 2654 325 2699 pueri
360 2666 408 2687 ne
433 2665 626 2694 moretur,

214 2710 442 2757 aspernetur.
511 2712 615 2758 Qnae
641 2722 684 2748 ut
712 2721 811 2747 arcte
834 2724 897 2748 co-

677 2667 774 2689 neVC
811 2668 899 2689 culn

1596 1145 1663 1194 At

973 1303 1151 1343 haerent,
1191 1296 1243 1338 ita
1272 1314 1341 1350 per
1372 1310 1407 1337 et
1439 1311 1498 1343 tu,
1533 1302 1664 1343 καίσὺ,

974 1373 1068 1408 pro:
1122 1370 1161 1393 tn
1210 1358 1354 1406 igitur,
1404 1357 1532 1394 levius
1579 1359 1664 1393 su'nt

973 1416 1115 1451 vincta.
1148 1416 1213 1450 W.

1034 1488 1098 1526 28.
1147 1478 1265 1528 tristia
1300 1478 1438 1527 facta)
1481 1481 1661 1522 crudelia,

975 1539 1093 1579 saeva,
1125 1550 1218 1585 pro:
1252 1537 1454 1577 tristitiam,
1473 1537 1511 1572 h.
1536 1539 1661 1585 super-

976 1595 1079 1630 biam
1113 1605 1150 1629 et
1180 1593 1311 1628 fastum
1344 1605 1431 1640 erga
1459 1605 1661 1629 amantem.

973 1664 1011 1686 v.
1033 1649 1150 1698 Vulp.
1182 1650 1232 1685 H.
1273 1649 1343 1697 qui
1365 1649 1472 1697 Virg.
1493 1651 1587 1685 Aen.
1612 1652 1660 1689 ΙΙ,

977 1713 1068 1750 548.
1104 1702 1221 1753 trzfiia
1243 1704 1354 1753 facta
1381 1706 1478 1740 bene
1511 1719 1662 1754 compa-

974 1762 1089 1801 ravit.
1146 1762 1350 1809 Sequentia
1382 1775 1428 1795 m.
1462 1776 1506 1797 ne
1535 1761 1663 1810 poscas

976 1817 1175 1866 quomodo
1198 1817 1462 1866 superioribus
1483 1818 1560 1853 Nec
1572 1827 1609 1852 tu
1625 1819 1663 1854 d.

973 1874 1205 1909 annectenda
1217 1876 1300 1912 fint,
1317 1873 1423 1910 Obffi
1434 1874 1588 1911 docent.
1601 1875 1666 1910 W.

1029 1972 1095 2006 52.
1127 1964 1189 1998 De
1218 1963 1419 1999 insolentia
1447 1964 1662 2000 locutionis

974 2020 1165 2066 amplexus
1192 2040 1248 2047 —-
1278 2022 1364 2055 terit:
1410 2035 1482 2069 pro
1523 2019 1662 2055 labella

974 2076 1065 2111 terit
1083 2076 1164 2111 vid.
1190 2076 1294 2112 Obff.
1318 2090 1382 2111 nec
1404 2077 1519 2112 barba
1541 2085 1566 2110 t.
1587 2089 1661 2125 pro

975 2143 1011 2167 et
1033 2132 1142 2166 cuius
1163 2132 1279 2168 barba
1300 2145 1380 2167 non
1402 2134 1503 2168 terit.
1552 2134 1662 2168 Cuius·

974 2202 1021 2223 ex
1041 2190 1097 2222 cui
1118 2188 1251 2223 assumi
1267 2189 1371 2237 poffe
1395 2189 1535 2225 docent
1556 2187 1661 2224 Obffi

972 2244 1020 2278 ad
1038 2246 1115 2284 IV,
1139 2255 1186 2285 2,
1216 2256 1276 2289 17.
1318 2246 1383 2281 W.

1033 2327 1096 2368 34.
1126 2325 1278 2370 regum)
1301 2323 1341 2359 h.
1364 2323 1546 2360 divitum.
1586 2310 1664 2359 Res

972 2390 1076 2414 nota.
1143 2379 1205 2412 Est
1245 2380 1351 2427 quod
1376 2379 1483 2427 Eleg.
1516 2383 1555 2419 Ι,
1595 2387 1661 2423 73.

973 2435 1171 2484 despiciam
1204 2437 1309 2471 dices.
1340 2437 1389 2469 H.
1450 2436 1566 2469 Usum
1588 2449 1659 2470 vo-

973 2492 1103 2527 cabuli
1131 2505 1199 2526 rex
1233 2505 1304 2540 pro
1325 2502 1502 2539 potente,
1536 2492 1659 2527 divite

972 2557 1009 2582 et
1028 2548 1212 2583 Horatius
1234 2547 1360 2582 firmat
1378 2549 1448 2595 Ep.
1472 2549 1500 2587 I,
1523 2548 1573 2588 X,
1593 2557 1658 2590 52.

1167 2606 1275 2639 Licet
1288 2602 1357 2651 snb
1379 2617 1541 2650 paupere
1562 2612 1655 2638 tecto

1024 2659 1147 2709 Reges
1176 2669 1212 2696 ec
1242 2673 1366 2706 regum
1392 2661 1471 2693 vita
1490 2673 1657 2706 praecur-

1244 2728 1322 2750 rere
1342 2728 1490 2752 amzcos.

1511 2775 1656 2820 (quem
