1752 2974
194 182 249 214 20
636 164 838 221 ALBH
895 163 1200 204 TIBVLLI

273 285 545 356 Qualibet;
579 282 792 332 infidias
823 297 936 330 non
964 277 1192 330 timuisse
1219 278 1380 326 decet.

1572 289 1645 334 50

195 376 327 426 Non
357 374 494 422 mihi
520 373 670 437 pigra
705 378 901 417 nocent
925 368 1178 416 hibernae
1199 365 1396 429 frigora
1419 366 1609 421 noctis,

273 463 406 512 'Non
428 459 588 514 mihi,
628 472 799 520 quum
821 456 988 504 multa
1012 454 1209 504 decidit
1230 453 1402 500 imber
1421 469 1568 516 aqua.

197 552 329 602 Non
359 549 508 597 labor
539 544 628 592 hic
664 542 847 600 laedit,
887 541 1077 591 reseret
1098 541 1262 591 modo
1285 541 1440 589 Delia
1461 538 1648 606 postes,

275 641 341 686 Et
369 643 523 696 vocet
550 631 615 680 ad
649 631 802 696 digiti
825 646 911 678 me
933 630 1190 678 taciturna
1212 629 1416 677 sonum.

200 725 397 777 Parcite
426 720 750 787 luminibus,
789 717 882 767 seu
912 718 1021 774 vir,
1059 715 1151 764 seu
1183 715 1381 764 femina
1408 713 1497 762 fias

1576 725 1645 772 55

279 811 476 867 Obvia3
522 807 679 856 celari
710 807 833 855 vult
860 804 952 854 sua
979 802 1120 852 furta
1140 807 1330 852 Venus.

205 902 330 957 Neu
352 898 573 963 strepitu
595 904 784 943 terrete
805 893 1025 959 pedum,
1050 908 1158 940 neu
1179 891 1416 954 quaerite
1436 905 1652 946 nomen,

278 989 408 1040 Neu
439 1000 606 1051 prope
639 981 869 1047 fulgenti
898 981 1103 1030 lumina
1135 977 1267 1026 ferte
1291 975 1416 1025 face.

201 1081 256 1130 Si
293 1076 414 1143 quis
448 1084 499 1122 et
531 1068 841 1136 imprudens
871 1068 1174 1134 asspexerst,
1213 1066 1415 1113 occulat
1434 1064 1541 1120 ille,

278 1168 484 1229 Perque
516 1158 643 1209 deos
676 1174 860 1208 omnes
893 1155 944 1206 se
972 1151 1265 1206 meminiffe
1289 1162 1457 1218 neget.

260 1430 326 1465 32.
357 1417 447 1455 Non
463 1415 593 1458 ἠιὶῘιῖ)
622 1415 667 1450 se.
689 1421 803 1449 nocet
825 1413 896 1447 im·-

203 1478 274 1514 bei
306 1486 493 1522 magnuS,
540 1472 612 1520 qui
652 1470 773 1504 sensus
801 1467 898 1502 inest

203 1532 334 1568 verbis
365 1543 548 1580 quum—
567 1540 683 1577 aqua,
724 1525 771 1560 de
804 1535 897 1572 quo-

203 1601 293 1625 rum
321 1588 503 1624 iunctura
520 1583 613 1620 vide
635 1579 740 1618 obff.
770 1581 835 1616 W.

263 1710 328 1746 55.
361 1693 674 1745 Non—postes)
702 1692 808 1729 labor
839 1693 896 1726 hic

205 1759 253 1795 ad
304 1754 450 1805 {rigola
497 1764 534 1788 et
577 1751 743 1786 imbrem
781 1748 893 1783 refer.

203 1811 324 1864 postes
349 1814 388 1847 h.
410 1826 441 1847 e.
463 1810 578 1845 fores.
623 1810 708 1842 Sen.
729 1803 891 1853 Hippol.

207 1871 301 1915 865.
331 1867 506 1918 Reserate
525 1863 644 1913 clusos
662 1875 721 1909 reg
721 1863 755 1895 ·ii
775 1874 823 1909 po
842 1868 896 1895 tes

205 1927 328 1963 Laris.
397 1922 526 1962 Verba
574 1918 640 1968 res.
681 1932 728 1954 m.
771 1918 818 1952 D.
857 1931 895 1965 p.

205 1983 306 2018 fece]
310 1991 390 2022 unt,
420 1990 465 2014 ut
483 1975 706 2013 sententiam
725 1986 794 2009 vei
798 1973 897 2008 libus

203 2038 449 2086 [equentibus
487 2031 692 2082 expiess'am
723 2040 897 2064 annecte-

202 2105 283 2135 ret,
313 2092 528 2138 Deliaeque
548 2098 696 2124 metum
716 2099 736 2121 a
754 2085 896 2120 marito

204 2149 333 2186 levare
354 2157 530 2185 tentaimet
556 2146 624 2181 W.

264 2269 330 2307 55.
361 2262 504 2297 Parcite
535 2257 753 2302 luminibus)
784 2268 893 2292 aver·

207 2320 275 2355 tite
324 2318 487 2357 oculos,
543 2315 643 2363 quasi
688 2312 894 2348 metuenda

184 2376 306 2411 ‘soret
336 2385 472 2408 eorum
502 2372 666 2411 orbitas,
693 2380 737 2405 ut
768 2367 827 2403 El.
855 2368 894 2410 6,

205 2438 268 2475 24.
300 2432 474 2478 Propert.
502 2429 571 2468 IV,
596 2438 632 2474 9,
658 2434 723 2470 55.

257 2510 372 2545 Parce
393 2507 530 2545 oculis,
560 2503 710 2553 hospes,
741 2503 895 2552 lucoque

417 2562 569 2599 abscede
596 2560 768 2597 verendo.

199 2657 254 2690 Ita
277 2652 452 2691 Broukh.
482 2654 599 2687 Recte
623 2650 784 2700 quidem
805 2663 891 2696 par·-

195 2725 272 2745 cere
321 2710 433 2746 oculis
479 2708 690 2749 iubentur,
741 2705 886 2756 quibus

1510 1238 1655 1286 Nam

963 1409 1215 1446 metuendum
1250 1408 1320 1448 est,
1371 1418 1419 1441 ne
1454 1405 1652 1440 excaecen-

965 1477 1050 1507 tu1·;
1083 1469 1130 1501 fic
1153 1465 1270 1502 ovid.
1302 1465 1396 1498 Met.
1422 1463 1478 1500 V,
1503 1465 1595 1505 243.

1019 1534 1164 1569 Parcite
1184 1531 1388 1570 luminibus,
1420 1526 1569 1574 Perseus
1587 1527 1656 1560 aic-

961 1599 1123 1636 Accedit
1172 1610 1298 1634 tamen
1344 1598 1377 1632 is
1422 1592 1655 1643 fignificatus

963 1670 1010 1692 ex
1040 1656 1175 1691 ceteris
1206 1653 1419 1694 adiunctis,
1462 1662 1557 1698 quae
1589 1649 1656 1683 hic

960 1712 1067 1748 nulla
1103 1713 1199 1747 funt.
1260 1709 1332 1745 Sed
1363 1720 1511 1757 parcere
1543 1705 1656 1740 oculis

960 1767 1186 1817 simpliciter
1220 1766 1293 1801 est:
1329 1764 1452 1800 ocuiis
1480 1774 1560 1796 non
1583 1761 1659 1801 uti,

963 1838 1044 1861 non
1096 1823 1297 1871 adspicere.
1367 1824 1420 1856 Ita
1459 1818 1657 1867 parcimus

963 1881 1118 1919 verbis,
1152 1879 1331 1918 dextrae,
1367 1878 1485 1912 ferro.
1543 1873 1655 1920 Virg.

966 1939 1035 1973 Ge.
1060 1939 1122 1976 II,
1146 1944 1237 1982 559.
1270 1934 1429 1969 hibernis
1455 1930 1656 1979 parcebant

956 1993 1114 2041 flatibus
1146 1991 1254 2026 Euri.
1284 1991 1334 2026 H.
1391 1988 1500 2024 Adde
1534 1985 1657 2022 Ovid.

966 2051 1061 2085 Met.
1092 2050 1152 2087 II,
1202 2045 1323 2089 127.>
1369 2046 1506 2084 Parce,
1555 2055 1656 2091 puer,

954 2104 1130 2154 stimulis.
1190 2103 1302 2150 Virg.
1340 2102 1437 2137 Aen.
1479 2102 1520 2141 1,
1562 2105 1656 2142 257.

963 2163 1079 2199 Parce
1102 2169 1208 2196 metu.
1240 2160 1307 2195 W.

1022 2270 1087 2308 53.
1119 2263 1235 2298 Nunc
1264 2262 1405 2295 lumina
1437 2258 1513 2294 alio
1533 2255 1654 2291 modo

964 2321 1079 2360 dicta,
1118 2332 1160 2354 ac
1200 2316 1334 2366 paullo
1375 2326 1460 2351 ante
1491 2328 1530 2350 v.
1562 2321 1654 2355 55.;

963 2376 1030 2411 hic
1059 2386 1156 2411 erat:
1189 2374 1305 2409 nolite
1337 2386 1394 2407 me
1412 2372 1565 2420 propius
1587 2368 1653 2403 ad-

955 2432 1099 2482 spicere
1108 2445 1120 2471 ,·
1148 2443 1263 2471 nunc,
1294 2443 1340 2464 ne
1354 2428 1480 2477 facem
1499 2426 1653 2475 propius

963 2490 1168 2525 admovete.

1017 2594 1084 2636 40.
1127 2589 1264 2639 Perque
1302 2586 1389 2621 deos
1428 2594 1550 2619 omnes
1597 2582 1654 2609 —·'

959 2645 1096 2696 neget)
1125 2645 1164 2681 h.
1182 2644 1208 2680 l.
1239 2645 1343 2678 iuret
1363 2654 1431 2689 per
1452 2640 1544 2676 deos
1568 2649 1651 2674 om-

957 2718 1046 2746 nes,
1074 2703 1111 2740 se
1143 2713 1226 2737 non
1254 2697 1484 2735 meminiss'e.

1578 1133 1711 1211 40'

1736 2511 1739 2554 =

1735 2560 1738 2618 ἑ
