<?xml version="1.0" encoding="UTF-8"?>
<!DOCTYPE html PUBLIC "-//W3C//DTD XHTML 1.0 Transitional//EN"
    "http://www.w3.org/TR/xhtml1/DTD/xhtml1-transitional.dtd">
<html xmlns="http://www.w3.org/1999/xhtml" xml:lang="en" lang="en">
 <head>
  <title>
</title>
<meta http-equiv="Content-Type" content="text/html;charset=utf-8" />
  <meta name='ocr-system' content='tesseract 3.04.00' />
  <meta name='ocr-capabilities' content='ocr_page ocr_carea ocr_par ocr_line ocrx_word'/>
</head>
<body>
  <div class='ocr_page' id='page_1' title='image "albiitibullicarm01tibuuoft_0193.png"; bbox 0 0 1752 2974; ppageno 0'>
   <div class='ocr_carea' id='block_1_1' title="bbox 495 173 628 216">
    <p class='ocr_par' dir='ltr' id='par_1_1' title="bbox 495 173 628 216">
     <span class='ocr_line' id='line_1_1' title="bbox 495 173 628 216; baseline 0 -1"><span class='ocrx_word' id='word_1_1' title='bbox 495 173 628 216; x_wconf 89' lang='lat' dir='ltr'><strong>LIB.</strong></span> 
     </span>
    </p>
   </div>
   <div class='ocr_carea' id='block_1_2' title="bbox 661 171 1536 229">
    <p class='ocr_par' dir='ltr' id='par_1_2' title="bbox 661 171 1536 229">
     <span class='ocr_line' id='line_1_2' title="bbox 661 171 1536 229; baseline 0.001 -14"><span class='ocrx_word' id='word_1_2' title='bbox 661 175 699 215; x_wconf 90' lang='lat' dir='ltr'>I.</span> <span class='ocrx_word' id='word_1_3' title='bbox 758 174 1114 217; x_wconf 77' lang='lat' dir='ltr'>ELEG.V11‚</span> <span class='ocrx_word' id='word_1_4' title='bbox 1479 171 1536 229; x_wconf 71' lang='lat'>93</span> 
     </span>
    </p>
   </div>
   <div class='ocr_carea' id='block_1_3' title="bbox 84 289 1499 354">
    <p class='ocr_par' dir='ltr' id='par_1_3' title="bbox 84 289 1499 354">
     <span class='ocr_line' id='line_1_3' title="bbox 84 289 1499 354; baseline -0.006 -10"><span class='ocrx_word' id='word_1_5' title='bbox 84 297 205 344; x_wconf 81' lang='lat' dir='ltr'>Huc</span> <span class='ocrx_word' id='word_1_6' title='bbox 236 291 385 351; x_wconf 81' lang='lat' dir='ltr'>ades,</span> <span class='ocrx_word' id='word_1_7' title='bbox 422 302 475 341; x_wconf 87' lang='lat' dir='ltr'>et</span> <span class='ocrx_word' id='word_1_8' title='bbox 503 301 715 340; x_wconf 86' lang='lat' dir='ltr'>centum</span> <span class='ocrx_word' id='word_1_9' title='bbox 744 290 890 340; x_wconf 84' lang='lat' dir='ltr'>ludis</span> <span class='ocrx_word' id='word_1_10' title='bbox 917 291 1255 354; x_wconf 80' lang='lat' dir='ltr'>Geniumque</span> <span class='ocrx_word' id='word_1_11' title='bbox 1289 289 1499 339; x_wconf 76' lang='lat' dir='ltr'><strong>choreis</strong></span> 
     </span>
    </p>
   </div>
   <div class='ocr_carea' id='block_1_4' title="bbox 164 376 1537 444">
    <p class='ocr_par' dir='ltr' id='par_1_4' title="bbox 164 376 1537 444">
     <span class='ocr_line' id='line_1_4' title="bbox 164 376 1537 444; baseline -0.005 -13"><span class='ocrx_word' id='word_1_12' title='bbox 164 381 488 431; x_wconf 80' lang='lat' dir='ltr'>Concelebra</span> <span class='ocrx_word' id='word_1_13' title='bbox 504 416 518 436; x_wconf 87' lang='lat'>‚</span> <span class='ocrx_word' id='word_1_14' title='bbox 558 388 609 426; x_wconf 83' lang='lat' dir='ltr'>et</span> <span class='ocrx_word' id='word_1_15' title='bbox 632 379 805 428; x_wconf 86' lang='lat' dir='ltr'>multo</span> <span class='ocrx_word' id='word_1_16' title='bbox 825 389 1062 444; x_wconf 84' lang='lat' dir='ltr'>tempora</span> <span class='ocrx_word' id='word_1_17' title='bbox 1079 376 1249 426; x_wconf 78' lang='lat' dir='ltr'>funde</span> <span class='ocrx_word' id='word_1_18' title='bbox 1271 393 1434 427; x_wconf 80' lang='lat' dir='ltr'>mem.</span> <span class='ocrx_word' id='word_1_19' title='bbox 1463 388 1537 434; x_wconf 86' lang='lat'>50</span> 
     </span>
    </p>
   </div>
   <div class='ocr_carea' id='block_1_5' title="bbox 83 464 1257 621">
    <p class='ocr_par' dir='ltr' id='par_1_5' title="bbox 83 464 1257 621">
     <span class='ocr_line' id='line_1_5' title="bbox 83 464 1257 531; baseline -0.004 -13"><span class='ocrx_word' id='word_1_20' title='bbox 83 470 235 519; x_wconf 83' lang='lat' dir='ltr'>Illius</span> <span class='ocrx_word' id='word_1_21' title='bbox 271 486 300 516; x_wconf 89' lang='lat' dir='ltr'>e</span> <span class='ocrx_word' id='word_1_22' title='bbox 327 467 502 515; x_wconf 82' lang='lat' dir='ltr'>nitido</span> <span class='ocrx_word' id='word_1_23' title='bbox 533 464 730 514; x_wconf 80' lang='lat' dir='ltr'>stillent</span> <span class='ocrx_word' id='word_1_24' title='bbox 753 477 1023 531; x_wconf 75' lang='lat' dir='ltr'>unguenta</span> <span class='ocrx_word' id='word_1_25' title='bbox 1046 466 1257 531; x_wconf 77' lang='lat' dir='ltr'>capillo,</span> 
     </span>
     <span class='ocr_line' id='line_1_6' title="bbox 160 553 1254 621; baseline -0.004 -15"><span class='ocrx_word' id='word_1_26' title='bbox 160 560 226 607; x_wconf 83' lang='lat' dir='ltr'>Et</span> <span class='ocrx_word' id='word_1_27' title='bbox 259 557 426 621; x_wconf 77' lang='lat' dir='ltr'>capite</span> <span class='ocrx_word' id='word_1_28' title='bbox 455 564 506 602; x_wconf 87' lang='lat' dir='ltr'>et</span> <span class='ocrx_word' id='word_1_29' title='bbox 536 554 677 603; x_wconf 89' lang='lat' dir='ltr'>collo</span> <span class='ocrx_word' id='word_1_30' title='bbox 715 555 901 604; x_wconf 83' lang='lat' dir='ltr'>mollia</span> <span class='ocrx_word' id='word_1_31' title='bbox 936 553 1065 603; x_wconf 81' lang='lat' dir='ltr'>serta</span> <span class='ocrx_word' id='word_1_32' title='bbox 1097 563 1254 619; x_wconf 81' lang='lat' dir='ltr'>gerat.</span> 
     </span>
    </p>
   </div>
   <div class='ocr_carea' id='block_1_6' title="bbox 80 775 780 1547">
    <p class='ocr_par' dir='ltr' id='par_1_6' title="bbox 80 775 780 1547">
     <span class='ocr_line' id='line_1_7' title="bbox 142 775 779 826; baseline -0.002 -13"><span class='ocrx_word' id='word_1_33' title='bbox 142 788 207 825; x_wconf 70' lang='lat'>49.</span> <span class='ocrx_word' id='word_1_34' title='bbox 243 778 360 812; x_wconf 83' lang='lat' dir='ltr'>Genii</span> <span class='ocrx_word' id='word_1_35' title='bbox 398 775 541 824; x_wconf 81' lang='lat' dir='ltr'>religio</span> <span class='ocrx_word' id='word_1_36' title='bbox 570 776 779 826; x_wconf 82' lang='lat' dir='ltr'>praecipua</span> 
     </span>
     <span class='ocr_line' id='line_1_8' title="bbox 82 832 780 869; baseline 0 0"><span class='ocrx_word' id='word_1_37' title='bbox 82 834 155 869; x_wconf 76' lang='lat' dir='ltr'>effe</span> <span class='ocrx_word' id='word_1_38' title='bbox 193 834 329 869; x_wconf 79' lang='lat' dir='ltr'>debuit</span> <span class='ocrx_word' id='word_1_39' title='bbox 364 834 406 868; x_wconf 86' lang='lat' dir='ltr'>in</span> <span class='ocrx_word' id='word_1_40' title='bbox 446 832 675 868; x_wconf 72' lang='lat' dir='ltr'>celebrando</span> <span class='ocrx_word' id='word_1_41' title='bbox 715 848 780 869; x_wconf 81' lang='lat' dir='ltr'>na-</span> 
     </span>
     <span class='ocr_line' id='line_1_9' title="bbox 83 889 779 937; baseline -0.001 -11"><span class='ocrx_word' id='word_1_42' title='bbox 83 890 166 926; x_wconf 80' lang='lat' dir='ltr'>tali.</span> <span class='ocrx_word' id='word_1_43' title='bbox 223 891 396 926; x_wconf 80' lang='lat' dir='ltr'>Vocatur</span> <span class='ocrx_word' id='word_1_44' title='bbox 433 902 452 923; x_wconf 85' lang='lat' dir='ltr'>a</span> <span class='ocrx_word' id='word_1_45' title='bbox 490 896 605 937; x_wconf 69' lang='lat' dir='ltr'>poeta</span> <span class='ocrx_word' id='word_1_46' title='bbox 647 889 779 930; x_wconf 77' lang='lat' dir='ltr'>Osiris,</span> 
     </span>
     <span class='ocr_line' id='line_1_10' title="bbox 83 944 778 994; baseline 0.001 -13"><span class='ocrx_word' id='word_1_47' title='bbox 83 948 157 994; x_wconf 79' lang='lat' dir='ltr'>qui</span> <span class='ocrx_word' id='word_1_48' title='bbox 180 957 281 981; x_wconf 82' lang='lat' dir='ltr'>amat</span> <span class='ocrx_word' id='word_1_49' title='bbox 302 945 385 980; x_wconf 77' lang='lat' dir='ltr'>festa</span> <span class='ocrx_word' id='word_1_50' title='bbox 410 956 447 980; x_wconf 89' lang='lat' dir='ltr'>et</span> <span class='ocrx_word' id='word_1_51' title='bbox 468 944 591 986; x_wconf 80' lang='lat' dir='ltr'>lusus,</span> <span class='ocrx_word' id='word_1_52' title='bbox 622 957 665 981; x_wconf 87' lang='lat' dir='ltr'>ut</span> <span class='ocrx_word' id='word_1_53' title='bbox 688 946 778 982; x_wconf 81' lang='lat' dir='ltr'>festo</span> 
     </span>
     <span class='ocr_line' id='line_1_11' title="bbox 84 1001 778 1039; baseline -0.001 -1"><span class='ocrx_word' id='word_1_54' title='bbox 84 1004 128 1038; x_wconf 78' lang='lat' dir='ltr'>in</span> <span class='ocrx_word' id='word_1_55' title='bbox 166 1003 283 1039; x_wconf 82' lang='lat' dir='ltr'>Genii</span> <span class='ocrx_word' id='word_1_56' title='bbox 320 1001 515 1037; x_wconf 71' lang='lat' dir='ltr'>honorem</span> <span class='ocrx_word' id='word_1_57' title='bbox 548 1002 778 1038; x_wconf 79' lang='lat' dir='ltr'>celebrando</span> 
     </span>
     <span class='ocr_line' id='line_1_12' title="bbox 84 1059 778 1106; baseline -0.001 -12"><span class='ocrx_word' id='word_1_58' title='bbox 84 1060 243 1095; x_wconf 78' lang='lat' dir='ltr'>interfit.</span> <span class='ocrx_word' id='word_1_59' title='bbox 313 1059 479 1094; x_wconf 83' lang='lat' dir='ltr'>Novum</span> <span class='ocrx_word' id='word_1_60' title='bbox 520 1059 657 1106; x_wconf 88' lang='lat' dir='ltr'>utique</span> <span class='ocrx_word' id='word_1_61' title='bbox 688 1059 778 1099; x_wconf 89' lang='lat' dir='ltr'>hoc,</span> 
     </span>
     <span class='ocr_line' id='line_1_13' title="bbox 83 1113 779 1162; baseline -0.003 -11"><span class='ocrx_word' id='word_1_62' title='bbox 83 1129 167 1151; x_wconf 80' lang='lat' dir='ltr'>non</span> <span class='ocrx_word' id='word_1_63' title='bbox 208 1126 283 1150; x_wconf 75' lang='lat' dir='ltr'>tam</span> <span class='ocrx_word' id='word_1_64' title='bbox 333 1114 436 1162; x_wconf 85' lang='lat' dir='ltr'>quod</span> <span class='ocrx_word' id='word_1_65' title='bbox 482 1113 575 1148; x_wconf 80' lang='lat' dir='ltr'>deus</span> <span class='ocrx_word' id='word_1_66' title='bbox 621 1113 779 1149; x_wconf 82' lang='lat' dir='ltr'>alterius</span> 
     </span>
     <span class='ocr_line' id='line_1_14' title="bbox 84 1170 778 1218; baseline -0.004 -11"><span class='ocrx_word' id='word_1_67' title='bbox 84 1171 233 1207; x_wconf 85' lang='lat' dir='ltr'>honori</span> <span class='ocrx_word' id='word_1_68' title='bbox 274 1182 311 1206; x_wconf 93' lang='lat' dir='ltr'>et</span> <span class='ocrx_word' id='word_1_69' title='bbox 349 1172 474 1209; x_wconf 82' lang='lat' dir='ltr'>sacro,</span> <span class='ocrx_word' id='word_1_70' title='bbox 523 1183 639 1217; x_wconf 81' lang='lat' dir='ltr'>quam</span> <span class='ocrx_word' id='word_1_71' title='bbox 672 1170 778 1218; x_wconf 87' lang='lat' dir='ltr'>quod</span> 
     </span>
     <span class='ocr_line' id='line_1_15' title="bbox 84 1225 779 1264; baseline -0.003 -1"><span class='ocrx_word' id='word_1_72' title='bbox 84 1228 206 1264; x_wconf 81' lang='lat' dir='ltr'>Ofiris</span> <span class='ocrx_word' id='word_1_73' title='bbox 217 1228 332 1263; x_wconf 79' lang='lat' dir='ltr'>Genii</span> <span class='ocrx_word' id='word_1_74' title='bbox 351 1226 485 1261; x_wconf 76' lang='lat' dir='ltr'>festivo</span> <span class='ocrx_word' id='word_1_75' title='bbox 507 1225 652 1261; x_wconf 84' lang='lat' dir='ltr'>honori</span> <span class='ocrx_word' id='word_1_76' title='bbox 667 1226 779 1261; x_wconf 80' lang='lat' dir='ltr'>adest.</span> 
     </span>
     <span class='ocr_line' id='line_1_16' title="bbox 80 1281 779 1320; baseline -0.004 0"><span class='ocrx_word' id='word_1_77' title='bbox 80 1286 132 1320; x_wconf 89' lang='lat' dir='ltr'>H.</span> <span class='ocrx_word' id='word_1_78' title='bbox 200 1284 319 1319; x_wconf 82' lang='lat' dir='ltr'>Ofiris</span> <span class='ocrx_word' id='word_1_79' title='bbox 351 1281 416 1318; x_wconf 83' lang='lat' dir='ltr'>vel</span> <span class='ocrx_word' id='word_1_80' title='bbox 443 1282 616 1318; x_wconf 80' lang='lat' dir='ltr'>Bacchus</span> <span class='ocrx_word' id='word_1_81' title='bbox 646 1284 779 1319; x_wconf 79' lang='lat' dir='ltr'>veniat</span> 
     </span>
     <span class='ocr_line' id='line_1_17' title="bbox 86 1338 779 1389; baseline -0.003 -13"><span class='ocrx_word' id='word_1_82' title='bbox 86 1342 268 1389; x_wconf 82' lang='lat' dir='ltr'>diemque</span> <span class='ocrx_word' id='word_1_83' title='bbox 310 1340 455 1376; x_wconf 82' lang='lat' dir='ltr'>laetum</span> <span class='ocrx_word' id='word_1_84' title='bbox 496 1338 648 1381; x_wconf 78' lang='lat' dir='ltr'>reddat,</span> <span class='ocrx_word' id='word_1_85' title='bbox 694 1350 779 1375; x_wconf 84' lang='lat' dir='ltr'>orat</span> 
     </span>
     <span class='ocr_line' id='line_1_18' title="bbox 85 1395 778 1444; baseline -0.003 -12"><span class='ocrx_word' id='word_1_86' title='bbox 85 1396 291 1438; x_wconf 83' lang='lat' dir='ltr'>Tibullus,</span> <span class='ocrx_word' id='word_1_87' title='bbox 343 1408 388 1432; x_wconf 89' lang='lat' dir='ltr'>ut</span> <span class='ocrx_word' id='word_1_88' title='bbox 425 1395 527 1444; x_wconf 79' lang='lat' dir='ltr'>apud</span> <span class='ocrx_word' id='word_1_89' title='bbox 559 1396 778 1444; x_wconf 74' lang='lat' dir='ltr'>Virgilium</span> 
     </span>
     <span class='ocr_line' id='line_1_19' title="bbox 86 1453 778 1497; baseline -0.003 -7"><span class='ocrx_word' id='word_1_90' title='bbox 86 1455 181 1490; x_wconf 80' lang='lat' dir='ltr'>Aen.</span> <span class='ocrx_word' id='word_1_91' title='bbox 221 1456 260 1493; x_wconf 92' lang='lat' dir='ltr'>I,</span> <span class='ocrx_word' id='word_1_92' title='bbox 303 1461 395 1497; x_wconf 59' lang='lat'>734.</span> <span class='ocrx_word' id='word_1_93' title='bbox 454 1453 564 1489; x_wconf 83' lang='lat' dir='ltr'>Dido</span> <span class='ocrx_word' id='word_1_94' title='bbox 605 1456 648 1488; x_wconf 79' lang='lat' dir='ltr'>iu</span> <span class='ocrx_word' id='word_1_95' title='bbox 687 1465 778 1488; x_wconf 88' lang='lat' dir='ltr'>con·</span> 
     </span>
     <span class='ocr_line' id='line_1_20' title="bbox 86 1509 413 1547; baseline -0.009 0"><span class='ocrx_word' id='word_1_96' title='bbox 86 1511 200 1547; x_wconf 70' lang='lat' dir='ltr'>&#39;Vivio</span> <span class='ocrx_word' id='word_1_97' title='bbox 223 1509 413 1546; x_wconf 78' lang='lat' dir='ltr'>libatura:</span> 
     </span>
    </p>
   </div>
   <div class='ocr_carea' id='block_1_7' title="bbox 143 1598 781 1651">
    <p class='ocr_par' dir='ltr' id='par_1_7' title="bbox 143 1598 781 1651">
     <span class='ocr_line' id='line_1_21' title="bbox 143 1598 781 1651; baseline -0.003 -16"><span class='ocrx_word' id='word_1_98' title='bbox 143 1599 252 1651; x_wconf 68' lang='lat' dir='ltr'>Adsit</span> <span class='ocrx_word' id='word_1_99' title='bbox 283 1601 451 1635; x_wconf 71' lang='lat' dir='ltr'>laetitiae</span> <span class='ocrx_word' id='word_1_100' title='bbox 476 1599 639 1635; x_wconf 78' lang='lat' dir='ltr'>Bacchus</span> <span class='ocrx_word' id='word_1_101' title='bbox 657 1598 781 1638; x_wconf 77' lang='lat' dir='ltr'>dator,</span> 
     </span>
    </p>
   </div>
   <div class='ocr_carea' id='block_1_8' title="bbox 309 1657 592 1692">
    <p class='ocr_par' dir='ltr' id='par_1_8' title="bbox 309 1657 592 1692">
     <span class='ocr_line' id='line_1_22' title="bbox 309 1657 592 1692; baseline -0.004 0"><span class='ocrx_word' id='word_1_102' title='bbox 309 1665 346 1692; x_wconf 76' lang='lat' dir='ltr'>et</span> <span class='ocrx_word' id='word_1_103' title='bbox 368 1657 467 1691; x_wconf 81' lang='lat' dir='ltr'>bona</span> <span class='ocrx_word' id='word_1_104' title='bbox 486 1657 592 1691; x_wconf 84' lang='lat' dir='ltr'>Iuno.</span> 
     </span>
    </p>
   </div>
   <div class='ocr_carea' id='block_1_9' title="bbox 87 1733 786 2344">
    <p class='ocr_par' dir='ltr' id='par_1_9' title="bbox 87 1733 786 2344">
     <span class='ocr_line' id='line_1_23' title="bbox 88 1733 782 1771; baseline -0.001 -1"><span class='ocrx_word' id='word_1_105' title='bbox 88 1736 230 1770; x_wconf 81' lang='lat' dir='ltr'>Utrum</span> <span class='ocrx_word' id='word_1_106' title='bbox 250 1748 347 1771; x_wconf 79' lang='lat' dir='ltr'>vero</span> <span class='ocrx_word' id='word_1_107' title='bbox 364 1733 538 1769; x_wconf 77' lang='lat' dir='ltr'>Bacchus</span> <span class='ocrx_word' id='word_1_108' title='bbox 560 1734 656 1768; x_wconf 73' lang='lat' dir='ltr'>diem</span> <span class='ocrx_word' id='word_1_109' title='bbox 677 1742 782 1769; x_wconf 76' lang='lat' dir='ltr'>nata-</span> 
     </span>
     <span class='ocr_line' id='line_1_24' title="bbox 87 1791 780 1836; baseline -0.004 -10"><span class='ocrx_word' id='word_1_110' title='bbox 87 1793 159 1827; x_wconf 83' lang='lat' dir='ltr'>lem</span> <span class='ocrx_word' id='word_1_111' title='bbox 190 1791 340 1836; x_wconf 77' lang='lat' dir='ltr'>(Plaut.</span> <span class='ocrx_word' id='word_1_112' title='bbox 370 1791 501 1826; x_wconf 85' lang='lat' dir='ltr'>Pseud.</span> <span class='ocrx_word' id='word_1_113' title='bbox 533 1793 573 1830; x_wconf 90' lang='grc' dir='ltr'>Ι,</span> <span class='ocrx_word' id='word_1_114' title='bbox 608 1799 651 1829; x_wconf 84' lang='lat'>2,</span> <span class='ocrx_word' id='word_1_115' title='bbox 685 1792 780 1835; x_wconf 80' lang='lat'>52.)</span> 
     </span>
     <span class='ocr_line' id='line_1_25' title="bbox 89 1845 781 1896; baseline -0.004 -14"><span class='ocrx_word' id='word_1_116' title='bbox 89 1862 137 1882; x_wconf 78' lang='lat' dir='ltr'>an</span> <span class='ocrx_word' id='word_1_117' title='bbox 163 1848 288 1896; x_wconf 85' lang='lat' dir='ltr'>ipsum</span> <span class='ocrx_word' id='word_1_118' title='bbox 315 1848 496 1887; x_wconf 74' lang='lat' dir='ltr'>Genium,</span> <span class='ocrx_word' id='word_1_119' title='bbox 529 1847 599 1894; x_wconf 84' lang='lat' dir='ltr'>qui</span> <span class='ocrx_word' id='word_1_120' title='bbox 622 1845 694 1880; x_wconf 89' lang='lat' dir='ltr'>illo</span> <span class='ocrx_word' id='word_1_121' title='bbox 718 1846 781 1880; x_wconf 78' lang='lat' dir='ltr'>«lie</span> 
     </span>
     <span class='ocr_line' id='line_1_26' title="bbox 87 1902 782 1952; baseline -0.004 -12"><span class='ocrx_word' id='word_1_122' title='bbox 87 1906 331 1952; x_wconf 74' lang='lat' dir='ltr'>summopere</span> <span class='ocrx_word' id='word_1_123' title='bbox 371 1904 592 1943; x_wconf 81' lang='lat' dir='ltr'>colebatur,</span> <span class='ocrx_word' id='word_1_124' title='bbox 643 1902 782 1950; x_wconf 78' lang='lat' dir='ltr'>epulis,</span> 
     </span>
     <span class='ocr_line' id='line_1_27' title="bbox 88 1959 780 1998; baseline -0.006 -2"><span class='ocrx_word' id='word_1_125' title='bbox 88 1959 186 1997; x_wconf 87' lang='lat' dir='ltr'>ludo</span> <span class='ocrx_word' id='word_1_126' title='bbox 220 1971 290 1995; x_wconf 88' lang='lat' dir='ltr'>cet.</span> <span class='ocrx_word' id='word_1_127' title='bbox 337 1960 585 1995; x_wconf 77' lang='lat' dir='ltr'>concelebrare</span> <span class='ocrx_word' id='word_1_128' title='bbox 618 1959 780 1998; x_wconf 75' lang='lat' dir='ltr'>dicatur,</span> 
     </span>
     <span class='ocr_line' id='line_1_28' title="bbox 89 2015 780 2065; baseline -0.006 -13"><span class='ocrx_word' id='word_1_129' title='bbox 89 2016 139 2052; x_wconf 75' lang='lat' dir='ltr'>ad</span> <span class='ocrx_word' id='word_1_130' title='bbox 185 2017 406 2051; x_wconf 79' lang='lat' dir='ltr'>sententiam</span> <span class='ocrx_word' id='word_1_131' title='bbox 458 2029 597 2065; x_wconf 77' lang='lat' dir='ltr'>parum</span> <span class='ocrx_word' id='word_1_132' title='bbox 649 2015 780 2053; x_wconf 82' lang='lat' dir='ltr'>refert,</span> 
     </span>
     <span class='ocr_line' id='line_1_29' title="bbox 89 2071 779 2121; baseline -0.003 -13"><span class='ocrx_word' id='word_1_133' title='bbox 89 2072 162 2108; x_wconf 78' lang='lat' dir='ltr'>:nisi</span> <span class='ocrx_word' id='word_1_134' title='bbox 175 2072 279 2120; x_wconf 86' lang='lat' dir='ltr'>quod</span> <span class='ocrx_word' id='word_1_135' title='bbox 293 2073 481 2120; x_wconf 73' lang='lat' dir='ltr'>posterius</span> <span class='ocrx_word' id='word_1_136' title='bbox 492 2079 607 2121; x_wconf 79' lang='lat' dir='ltr'>poe&#39;ta</span> <span class='ocrx_word' id='word_1_137' title='bbox 620 2071 779 2117; x_wconf 80' lang='lat' dir='ltr'>dignius</span> 
     </span>
     <span class='ocr_line' id='line_1_30' title="bbox 90 2127 782 2176; baseline -0.003 -12"><span class='ocrx_word' id='word_1_138' title='bbox 90 2128 151 2164; x_wconf 81' lang='lat' dir='ltr'>est.</span> <span class='ocrx_word' id='word_1_139' title='bbox 218 2130 291 2163; x_wconf 79' lang='lat' dir='ltr'>Pro</span> <span class='ocrx_word' id='word_1_140' title='bbox 333 2128 506 2176; x_wconf 75' lang='lat' dir='ltr'>vulgari:</span> <span class='ocrx_word' id='word_1_141' title='bbox 558 2127 782 2163; x_wconf 72' lang='lat' dir='ltr'>concelebret</span> 
     </span>
     <span class='ocr_line' id='line_1_31' title="bbox 89 2181 784 2232; baseline -0.006 -13"><span class='ocrx_word' id='word_1_142' title='bbox 89 2194 128 2219; x_wconf 72' lang='lat' dir='ltr'>et·</span> <span class='ocrx_word' id='word_1_143' title='bbox 150 2186 345 2232; x_wconf 76' lang='lat' dir='ltr'>potatione</span> <span class='ocrx_word' id='word_1_144' title='bbox 369 2185 447 2232; x_wconf 74' lang='lat' dir='ltr'>ipse</span> <span class='ocrx_word' id='word_1_145' title='bbox 471 2185 584 2224; x_wconf 85' lang='lat' dir='ltr'>deus,</span> <span class='ocrx_word' id='word_1_146' title='bbox 616 2193 659 2218; x_wconf 89' lang='lat' dir='ltr'>ut</span> <span class='ocrx_word' id='word_1_147' title='bbox 681 2181 784 2217; x_wconf 81' lang='lat' dir='ltr'>mul-</span> 
     </span>
     <span class='ocr_line' id='line_1_32' title="bbox 89 2238 782 2279; baseline -0.004 -4"><span class='ocrx_word' id='word_1_148' title='bbox 89 2251 175 2275; x_wconf 84' lang='lat' dir='ltr'>tum</span> <span class='ocrx_word' id='word_1_149' title='bbox 206 2239 332 2279; x_wconf 82' lang='lat' dir='ltr'>bibat,</span> <span class='ocrx_word' id='word_1_150' title='bbox 359 2241 551 2277; x_wconf 78' lang='lat' dir='ltr'>invitatur</span> <span class='ocrx_word' id='word_1_151' title='bbox 582 2238 714 2275; x_wconf 82' lang='lat' dir='ltr'>verbis</span> <span class='ocrx_word' id='word_1_152' title='bbox 746 2246 782 2273; x_wconf 81' lang='lat' dir='ltr'>et</span> 
     </span>
     <span class='ocr_line' id='line_1_33' title="bbox 89 2295 786 2344; baseline -0.001 -13"><span class='ocrx_word' id='word_1_153' title='bbox 89 2296 208 2331; x_wconf 78' lang='lat' dir='ltr'>multo</span> <span class='ocrx_word' id='word_1_154' title='bbox 235 2303 401 2342; x_wconf 80' lang='lat' dir='ltr'>tempora</span> <span class='ocrx_word' id='word_1_155' title='bbox 424 2295 545 2344; x_wconf 78' lang='lat' dir='ltr'>funde</span> <span class='ocrx_word' id='word_1_156' title='bbox 578 2308 691 2330; x_wconf 79' lang='lat' dir='ltr'>mero.</span> <span class='ocrx_word' id='word_1_157' title='bbox 718 2296 786 2330; x_wconf 86' lang='lat' dir='ltr'>W.</span> 
     </span>
    </p>
   </div>
   <div class='ocr_carea' id='block_1_10' title="bbox 91 2373 787 2479">
    <p class='ocr_par' dir='ltr' id='par_1_10' title="bbox 91 2373 787 2479">
     <span class='ocr_line' id='line_1_34' title="bbox 152 2373 786 2420; baseline -0.003 -11"><span class='ocrx_word' id='word_1_158' title='bbox 152 2382 202 2418; x_wconf 81' lang='lat'>50</span> <span class='ocrx_word' id='word_1_159' title='bbox 265 2382 431 2420; x_wconf 79' lang='lat' dir='ltr'>tempora</span> <span class='ocrx_word' id='word_1_160' title='bbox 477 2373 599 2420; x_wconf 81' lang='lat' dir='ltr'>funde</span> <span class='ocrx_word' id='word_1_161' title='bbox 657 2374 786 2416; x_wconf 83' lang='lat' dir='ltr'>mero)</span> 
     </span>
     <span class='ocr_line' id='line_1_35' title="bbox 91 2428 787 2479; baseline -0.001 -14"><span class='ocrx_word' id='word_1_162' title='bbox 91 2428 307 2479; x_wconf 74' lang='lat' dir='ltr'>perfunde,</span> <span class='ocrx_word' id='word_1_163' title='bbox 341 2430 386 2464; x_wconf 80' lang='lat' dir='ltr'>sc.</span> <span class='ocrx_word' id='word_1_164' title='bbox 421 2429 530 2465; x_wconf 81' lang='lat' dir='ltr'>venis</span> <span class='ocrx_word' id='word_1_165' title='bbox 560 2430 657 2464; x_wconf 70' lang='lat' dir='ltr'>vino</span> <span class='ocrx_word' id='word_1_166' title='bbox 686 2429 787 2464; x_wconf 76' lang='lat' dir='ltr'>inca-</span> 
     </span>
    </p>
   </div>
   <div class='ocr_carea' id='block_1_11' title="bbox 93 2484 784 2584">
    <p class='ocr_par' dir='ltr' id='par_1_11' title="bbox 93 2484 784 2584">
     <span class='ocr_line' id='line_1_36' title="bbox 93 2484 784 2533; baseline 0.001 -12"><span class='ocrx_word' id='word_1_167' title='bbox 93 2485 324 2521; x_wconf 65' lang='lat' dir='ltr'>lescentibus</span> <span class='ocrx_word' id='word_1_168' title='bbox 365 2498 434 2533; x_wconf 80' lang='lat' dir='ltr'>per</span> <span class='ocrx_word' id='word_1_169' title='bbox 471 2498 530 2520; x_wconf 85' lang='lat' dir='ltr'>eas</span> <span class='ocrx_word' id='word_1_170' title='bbox 564 2484 714 2520; x_wconf 80' lang='lat' dir='ltr'>diffuso.</span> <span class='ocrx_word' id='word_1_171' title='bbox 745 2498 784 2522; x_wconf 84' lang='lat' dir='ltr'>v.</span> 
     </span>
     <span class='ocr_line' id='line_1_37' title="bbox 94 2541 478 2584; baseline -0.003 -7"><span class='ocrx_word' id='word_1_172' title='bbox 94 2543 142 2577; x_wconf 74' lang='lat' dir='ltr'>ad</span> <span class='ocrx_word' id='word_1_173' title='bbox 159 2541 218 2577; x_wconf 81' lang='lat' dir='ltr'>El.</span> <span class='ocrx_word' id='word_1_174' title='bbox 245 2551 267 2575; x_wconf 81' lang='lat'><em>2</em></span> <span class='ocrx_word' id='word_1_175' title='bbox 311 2551 347 2584; x_wconf 79' lang='lat'>3.</span> <span class='ocrx_word' id='word_1_176' title='bbox 373 2541 478 2577; x_wconf 73' lang='lat' dir='ltr'>Obff.</span> 
     </span>
    </p>
   </div>
   <div class='ocr_carea' id='block_1_12' title="bbox 93 2628 788 2792">
    <p class='ocr_par' dir='ltr' id='par_1_12' title="bbox 93 2628 788 2792">
     <span class='ocr_line' id='line_1_38' title="bbox 153 2628 784 2676; baseline 0.002 -10"><span class='ocrx_word' id='word_1_177' title='bbox 153 2639 219 2675; x_wconf 82' lang='lat'>5¹·</span> <span class='ocrx_word' id='word_1_178' title='bbox 268 2632 375 2666; x_wconf 79' lang='lat' dir='ltr'>Illius</span> <span class='ocrx_word' id='word_1_179' title='bbox 402 2633 448 2676; x_wconf 82' lang='lat' dir='ltr'>e)</span> <span class='ocrx_word' id='word_1_180' title='bbox 510 2644 547 2668; x_wconf 90' lang='lat' dir='ltr'>n.</span> <span class='ocrx_word' id='word_1_181' title='bbox 576 2628 703 2667; x_wconf 83' lang='lat' dir='ltr'>Genii.</span> <span class='ocrx_word' id='word_1_182' title='bbox 737 2628 784 2668; x_wconf 83' lang='lat' dir='ltr'>cf.</span> 
     </span>
     <span class='ocr_line' id='line_1_39' title="bbox 93 2686 786 2731; baseline 0.001 -9"><span class='ocrx_word' id='word_1_183' title='bbox 93 2689 154 2727; x_wconf 86' lang='lat'>11,</span> <span class='ocrx_word' id='word_1_184' title='bbox 185 2697 233 2728; x_wconf 80' lang='lat'>2,</span> <span class='ocrx_word' id='word_1_185' title='bbox 265 2695 302 2730; x_wconf 87' lang='lat'>5.</span> <span class='ocrx_word' id='word_1_186' title='bbox 333 2688 367 2723; x_wconf 85' lang='lat'>6.</span> <span class='ocrx_word' id='word_1_187' title='bbox 401 2697 436 2730; x_wconf 92' lang='grc'>7.</span> <span class='ocrx_word' id='word_1_188' title='bbox 459 2694 495 2731; x_wconf 86' lang='grc'>8.</span> <span class='ocrx_word' id='word_1_189' title='bbox 524 2699 568 2722; x_wconf 87' lang='lat' dir='ltr'>ut</span> <span class='ocrx_word' id='word_1_190' title='bbox 589 2686 682 2722; x_wconf 82' lang='lat' dir='ltr'>adeo</span> <span class='ocrx_word' id='word_1_191' title='bbox 713 2689 786 2723; x_wconf 85' lang='lat' dir='ltr'>Ge-</span> 
     </span>
     <span class='ocr_line' id='line_1_40' title="bbox 93 2742 788 2792; baseline 0.001 -14"><span class='ocrx_word' id='word_1_192' title='bbox 93 2744 183 2778; x_wconf 76' lang='lat' dir='ltr'>nius</span> <span class='ocrx_word' id='word_1_193' title='bbox 202 2744 330 2779; x_wconf 80' lang='lat' dir='ltr'>unctis</span> <span class='ocrx_word' id='word_1_194' title='bbox 350 2744 622 2792; x_wconf 76' lang='lat' dir='ltr'>coronatisque</span> <span class='ocrx_word' id='word_1_195' title='bbox 635 2742 788 2792; x_wconf 75' lang='lat' dir='ltr'>capillis</span> 
     </span>
    </p>
   </div>
   <div class='ocr_carea' id='block_1_13' title="bbox 1453 641 1539 690">
    <p class='ocr_par' dir='ltr' id='par_1_13' title="bbox 1453 641 1539 690">
     <span class='ocr_line' id='line_1_41' title="bbox 1453 641 1539 690; baseline -0.023 0"><span class='ocrx_word' id='word_1_196' title='bbox 1453 641 1539 690; x_wconf 84' lang='lat' dir='ltr'>Sic</span> 
     </span>
    </p>
   </div>
   <div class='ocr_carea' id='block_1_14' title="bbox 845 775 1543 1218">
    <p class='ocr_par' dir='ltr' id='par_1_14' title="bbox 845 775 1543 1218">
     <span class='ocr_line' id='line_1_42' title="bbox 846 775 1540 816; baseline -0.001 -4"><span class='ocrx_word' id='word_1_197' title='bbox 846 778 909 813; x_wconf 84' lang='lat' dir='ltr'>die</span> <span class='ocrx_word' id='word_1_198' title='bbox 941 775 1019 812; x_wconf 85' lang='lat' dir='ltr'>hoc</span> <span class='ocrx_word' id='word_1_199' title='bbox 1050 775 1140 811; x_wconf 81' lang='lat' dir='ltr'>festo</span> <span class='ocrx_word' id='word_1_200' title='bbox 1171 786 1237 810; x_wconf 83' lang='lat' dir='ltr'>aut</span> <span class='ocrx_word' id='word_1_201' title='bbox 1267 776 1331 816; x_wconf 81' lang='lat' dir='ltr'>fit,</span> <span class='ocrx_word' id='word_1_202' title='bbox 1372 786 1438 811; x_wconf 77' lang='lat' dir='ltr'>aut</span> <span class='ocrx_word' id='word_1_203' title='bbox 1467 775 1540 811; x_wconf 76' lang='lat' dir='ltr'>effe</span> 
     </span>
     <span class='ocr_line' id='line_1_43' title="bbox 846 832 1543 883; baseline -0.001 -15"><span class='ocrx_word' id='word_1_204' title='bbox 846 834 1035 883; x_wconf 73' lang='lat' dir='ltr'>fingatur,</span> <span class='ocrx_word' id='word_1_205' title='bbox 1083 833 1231 880; x_wconf 87' lang='lat' dir='ltr'>quippe</span> <span class='ocrx_word' id='word_1_206' title='bbox 1267 833 1336 879; x_wconf 77' lang='lat' dir='ltr'>ipsi</span> <span class='ocrx_word' id='word_1_207' title='bbox 1365 832 1467 867; x_wconf 76' lang='lat' dir='ltr'>sacro</span> <span class='ocrx_word' id='word_1_208' title='bbox 1497 845 1543 867; x_wconf 77' lang='lat' dir='ltr'>aa</span> 
     </span>
     <span class='ocr_line' id='line_1_44' title="bbox 847 887 1540 935; baseline -0.006 -9"><span class='ocrx_word' id='word_1_209' title='bbox 847 889 1023 926; x_wconf 84' lang='lat' dir='ltr'>sollenni.</span> <span class='ocrx_word' id='word_1_210' title='bbox 1092 889 1155 923; x_wconf 87' lang='lat' dir='ltr'>Sic</span> <span class='ocrx_word' id='word_1_211' title='bbox 1192 889 1404 935; x_wconf 73' lang='lat' dir='ltr'>unguentis</span> <span class='ocrx_word' id='word_1_212' title='bbox 1443 887 1540 923; x_wconf 79' lang='lat' dir='ltr'>deli-</span> 
     </span>
     <span class='ocr_line' id='line_1_45' title="bbox 846 944 1543 982; baseline -0.001 -1"><span class='ocrx_word' id='word_1_213' title='bbox 846 946 935 982; x_wconf 83' lang='lat' dir='ltr'>buti</span> <span class='ocrx_word' id='word_1_214' title='bbox 985 956 1022 980; x_wconf 84' lang='lat' dir='ltr'>et</span> <span class='ocrx_word' id='word_1_215' title='bbox 1073 944 1230 980; x_wconf 85' lang='lat' dir='ltr'>coronis</span> <span class='ocrx_word' id='word_1_216' title='bbox 1280 944 1407 979; x_wconf 71' lang='lat' dir='ltr'>ornati</span> <span class='ocrx_word' id='word_1_217' title='bbox 1454 946 1543 980; x_wconf 74' lang='lat' dir='ltr'>sunt</span> 
     </span>
     <span class='ocr_line' id='line_1_46' title="bbox 848 1000 1540 1048; baseline -0.006 -10"><span class='ocrx_word' id='word_1_218' title='bbox 848 1003 1011 1038; x_wconf 84' lang='lat' dir='ltr'>omniuo</span> <span class='ocrx_word' id='word_1_219' title='bbox 1031 1001 1081 1041; x_wconf 82' lang='lat' dir='ltr'>ii‚·</span> <span class='ocrx_word' id='word_1_220' title='bbox 1104 1001 1174 1048; x_wconf 84' lang='lat' dir='ltr'>qui</span> <span class='ocrx_word' id='word_1_221' title='bbox 1194 1000 1321 1048; x_wconf 85' lang='lat' dir='ltr'>epulis</span> <span class='ocrx_word' id='word_1_222' title='bbox 1344 1011 1381 1035; x_wconf 84' lang='lat' dir='ltr'>et</span> <span class='ocrx_word' id='word_1_223' title='bbox 1402 1000 1540 1035; x_wconf 83' lang='lat' dir='ltr'>sollen-</span> 
     </span>
     <span class='ocr_line' id='line_1_47' title="bbox 847 1056 1542 1100; baseline -0.004 -6"><span class='ocrx_word' id='word_1_224' title='bbox 847 1059 962 1094; x_wconf 87' lang='lat' dir='ltr'>nibus</span> <span class='ocrx_word' id='word_1_225' title='bbox 987 1058 1188 1092; x_wconf 75' lang='lat' dir='ltr'>intersunt.</span> <span class='ocrx_word' id='word_1_226' title='bbox 1248 1056 1322 1091; x_wconf 87' lang='lat' dir='ltr'>Sed</span> <span class='ocrx_word' id='word_1_227' title='bbox 1345 1070 1382 1092; x_wconf 86' lang='lat' dir='ltr'>v.</span> <span class='ocrx_word' id='word_1_228' title='bbox 1409 1064 1471 1100; x_wconf 85' lang='lat'>55.</span> <span class='ocrx_word' id='word_1_229' title='bbox 1493 1056 1542 1091; x_wconf 75' lang='lat' dir='ltr'>ad</span> 
     </span>
     <span class='ocr_line' id='line_1_48' title="bbox 848 1112 1542 1148; baseline 0 0"><span class='ocrx_word' id='word_1_230' title='bbox 848 1113 1044 1148; x_wconf 70' lang='lat' dir='ltr'>Messalam</span> <span class='ocrx_word' id='word_1_231' title='bbox 1079 1114 1203 1147; x_wconf 79' lang='lat' dir='ltr'>oratio</span> <span class='ocrx_word' id='word_1_232' title='bbox 1228 1113 1419 1147; x_wconf 81' lang='lat' dir='ltr'>conversa.</span> <span class='ocrx_word' id='word_1_233' title='bbox 1477 1112 1542 1148; x_wconf 74' lang='lat' dir='ltr'>Sic</span> 
     </span>
     <span class='ocr_line' id='line_1_49' title="bbox 845 1170 1542 1218; baseline 0 -14"><span class='ocrx_word' id='word_1_234' title='bbox 845 1170 1007 1205; x_wconf 86' lang='lat' dir='ltr'>subinde</span> <span class='ocrx_word' id='word_1_235' title='bbox 1045 1179 1214 1204; x_wconf 80' lang='lat' dir='ltr'>mutatae</span> <span class='ocrx_word' id='word_1_236' title='bbox 1252 1170 1455 1218; x_wconf 82' lang='lat' dir='ltr'>personae.</span> <span class='ocrx_word' id='word_1_237' title='bbox 1503 1179 1542 1204; x_wconf 86' lang='lat' dir='ltr'>et</span> 
     </span>
    </p>
   </div>
   <div class='ocr_carea' id='block_1_15' title="bbox 807 1225 1543 1276">
    <p class='ocr_par' dir='ltr' id='par_1_15' title="bbox 807 1225 1543 1276">
     <span class='ocr_line' id='line_1_50' title="bbox 807 1225 1543 1276; baseline 0.003 -16"><span class='ocrx_word' id='word_1_238' title='bbox 807 1272 810 1276; x_wconf 25' lang='grc' dir='ltr'><em>ι</em></span> <span class='ocrx_word' id='word_1_239' title='bbox 845 1225 979 1275; x_wconf 81' lang='lat' dir='ltr'>paullo</span> <span class='ocrx_word' id='word_1_240' title='bbox 1019 1225 1258 1260; x_wconf 74' lang='lat' dir='ltr'>insuaviores</span> <span class='ocrx_word' id='word_1_241' title='bbox 1293 1225 1543 1262; x_wconf 71' lang='lat' dir='ltr'>transitiones</span> 
     </span>
    </p>
   </div>
   <div class='ocr_carea' id='block_1_16' title="bbox 845 1279 1545 2063">
    <p class='ocr_par' dir='ltr' id='par_1_16' title="bbox 845 1279 1545 2063">
     <span class='ocr_line' id='line_1_51' title="bbox 845 1279 1544 1328; baseline -0.001 -10"><span class='ocrx_word' id='word_1_242' title='bbox 845 1283 915 1318; x_wconf 84' lang='lat' dir='ltr'>inf.</span> <span class='ocrx_word' id='word_1_243' title='bbox 938 1282 999 1319; x_wconf 80' lang='lat' dir='ltr'>El.</span> <span class='ocrx_word' id='word_1_244' title='bbox 1021 1288 1067 1326; x_wconf 82' lang='lat'>8,</span> <span class='ocrx_word' id='word_1_245' title='bbox 1090 1292 1153 1325; x_wconf 87' lang='lat'>27.</span> <span class='ocrx_word' id='word_1_246' title='bbox 1186 1292 1223 1328; x_wconf 82' lang='lat'>9,</span> <span class='ocrx_word' id='word_1_247' title='bbox 1243 1280 1311 1316; x_wconf 82' lang='lat'>61·</span> <span class='ocrx_word' id='word_1_248' title='bbox 1334 1279 1397 1324; x_wconf 80' lang='grc'>65.</span> <span class='ocrx_word' id='word_1_249' title='bbox 1429 1283 1480 1322; x_wconf 87' lang='lat'>11,</span> <span class='ocrx_word' id='word_1_250' title='bbox 1505 1293 1544 1322; x_wconf 79' lang='lat'>2,</span> 
     </span>
     <span class='ocr_line' id='line_1_52' title="bbox 848 1337 1544 1384; baseline -0.001 -11"><span class='ocrx_word' id='word_1_251' title='bbox 848 1349 916 1374; x_wconf 81' lang='lat'>21.</span> <span class='ocrx_word' id='word_1_252' title='bbox 952 1350 1016 1376; x_wconf 78' lang='lat'>22.</span> <span class='ocrx_word' id='word_1_253' title='bbox 1076 1337 1249 1384; x_wconf 74' lang='lat' dir='ltr'>(Melius</span> <span class='ocrx_word' id='word_1_254' title='bbox 1273 1338 1350 1372; x_wconf 88' lang='lat' dir='ltr'>hue</span> <span class='ocrx_word' id='word_1_255' title='bbox 1378 1349 1544 1373; x_wconf 81' lang='lat' dir='ltr'>vocatur</span> 
     </span>
     <span class='ocr_line' id='line_1_53' title="bbox 847 1394 1545 1443; baseline -0.001 -12"><span class='ocrx_word' id='word_1_256' title='bbox 847 1398 889 1436; x_wconf 89' lang='grc' dir='ltr'>Ι,</span> <span class='ocrx_word' id='word_1_257' title='bbox 922 1409 966 1443; x_wconf 88' lang='lat'>9,</span> <span class='ocrx_word' id='word_1_258' title='bbox 998 1405 1059 1439; x_wconf 80' lang='lat'>15.</span> <span class='ocrx_word' id='word_1_259' title='bbox 1103 1395 1175 1431; x_wconf 87' lang='lat' dir='ltr'>ubi</span> <span class='ocrx_word' id='word_1_260' title='bbox 1205 1394 1287 1430; x_wconf 79' lang='lat' dir='ltr'>vid.</span> <span class='ocrx_word' id='word_1_261' title='bbox 1318 1395 1422 1431; x_wconf 75' lang='lat' dir='ltr'>Obff.</span> <span class='ocrx_word' id='word_1_262' title='bbox 1454 1395 1545 1441; x_wconf 82' lang='lat' dir='ltr'><strong>VV.)</strong></span> 
     </span>
     <span class='ocr_line' id='line_1_54' title="bbox 847 1450 1544 1500; baseline 0 -13"><span class='ocrx_word' id='word_1_263' title='bbox 847 1461 1036 1500; x_wconf 76' lang='lat' dir='ltr'>unguenta</span> <span class='ocrx_word' id='word_1_264' title='bbox 1078 1453 1123 1487; x_wconf 85' lang='lat' dir='ltr'>de</span> <span class='ocrx_word' id='word_1_265' title='bbox 1161 1465 1308 1486; x_wconf 80' lang='lat' dir='ltr'>amomo</span> <span class='ocrx_word' id='word_1_266' title='bbox 1351 1450 1544 1499; x_wconf 79' lang='lat' dir='ltr'>intelligit</span> 
     </span>
     <span class='ocr_line' id='line_1_55' title="bbox 846 1506 1542 1547; baseline -0.001 -3"><span class='ocrx_word' id='word_1_267' title='bbox 846 1509 1114 1544; x_wconf 76' lang='lat' dir='ltr'>Broukhufius</span> <span class='ocrx_word' id='word_1_268' title='bbox 1132 1534 1141 1547; x_wconf 83' lang='lat'>‚</span> <span class='ocrx_word' id='word_1_269' title='bbox 1172 1509 1299 1542; x_wconf 76' lang='lat' dir='ltr'>nescio</span> <span class='ocrx_word' id='word_1_270' title='bbox 1328 1520 1397 1543; x_wconf 82' lang='lat' dir='ltr'>cur</span> <span class='ocrx_word' id='word_1_271' title='bbox 1425 1506 1542 1543; x_wconf 78' lang='lat' dir='ltr'>solo?</span> 
     </span>
     <span class='ocr_line' id='line_1_56' title="bbox 851 1563 1542 1612; baseline 0.001 -13"><span class='ocrx_word' id='word_1_272' title='bbox 851 1565 957 1600; x_wconf 82' lang='lat' dir='ltr'>Collo</span> <span class='ocrx_word' id='word_1_273' title='bbox 983 1577 1109 1600; x_wconf 82' lang='lat' dir='ltr'>autem</span> <span class='ocrx_word' id='word_1_274' title='bbox 1121 1563 1226 1612; x_wconf 72' lang='lat' dir='ltr'>serta</span> <span class='ocrx_word' id='word_1_275' title='bbox 1251 1565 1361 1612; x_wconf 71' lang='lat' dir='ltr'>gerit,</span> <span class='ocrx_word' id='word_1_276' title='bbox 1395 1574 1437 1599; x_wconf 87' lang='lat' dir='ltr'>ut</span> <span class='ocrx_word' id='word_1_277' title='bbox 1455 1577 1542 1600; x_wconf 76' lang='lat' dir='ltr'>mos</span> 
     </span>
     <span class='ocr_line' id='line_1_57' title="bbox 849 1620 1544 1669; baseline 0.001 -14"><span class='ocrx_word' id='word_1_278' title='bbox 849 1621 898 1656; x_wconf 84' lang='lat' dir='ltr'>est</span> <span class='ocrx_word' id='word_1_279' title='bbox 917 1622 957 1656; x_wconf 87' lang='lat' dir='ltr'>in</span> <span class='ocrx_word' id='word_1_280' title='bbox 981 1621 1106 1669; x_wconf 83' lang='lat' dir='ltr'>epulis</span> <span class='ocrx_word' id='word_1_281' title='bbox 1128 1620 1396 1655; x_wconf 79' lang='lat' dir='ltr'>hilarioribus.</span> <span class='ocrx_word' id='word_1_282' title='bbox 1436 1622 1544 1656; x_wconf 66' lang='lat' dir='ltr'>Loca</span> 
     </span>
     <span class='ocr_line' id='line_1_58' title="bbox 849 1675 1545 1713; baseline 0.001 -1"><span class='ocrx_word' id='word_1_283' title='bbox 849 1677 957 1711; x_wconf 83' lang='lat' dir='ltr'>dedit</span> <span class='ocrx_word' id='word_1_284' title='bbox 982 1688 1160 1712; x_wconf 83' lang='lat' dir='ltr'>veterum</span> <span class='ocrx_word' id='word_1_285' title='bbox 1181 1675 1397 1711; x_wconf 61' lang='lat' dir='ltr'>Broulzhus.</span> <span class='ocrx_word' id='word_1_286' title='bbox 1421 1676 1545 1713; x_wconf 78' lang='lat' dir='ltr'>Ovid-</span> 
     </span>
     <span class='ocr_line' id='line_1_59' title="bbox 848 1733 1544 1779; baseline -0.003 -11"><span class='ocrx_word' id='word_1_287' title='bbox 848 1735 897 1768; x_wconf 86' lang='grc' dir='ltr'>ΙΙ.</span> <span class='ocrx_word' id='word_1_288' title='bbox 924 1733 1015 1768; x_wconf 74' lang='lat' dir='ltr'>Fast.</span> <span class='ocrx_word' id='word_1_289' title='bbox 1036 1742 1128 1779; x_wconf 82' lang='lat'><strong>759.</strong></span> <span class='ocrx_word' id='word_1_290' title='bbox 1160 1735 1293 1768; x_wconf 79' lang='lat' dir='ltr'>Horat.</span> <span class='ocrx_word' id='word_1_291' title='bbox 1322 1735 1372 1766; x_wconf 90' lang='lat' dir='ltr'>II.</span> <span class='ocrx_word' id='word_1_292' title='bbox 1403 1734 1477 1767; x_wconf 84' lang='lat' dir='ltr'>Sat.</span> <span class='ocrx_word' id='word_1_293' title='bbox 1502 1743 1544 1777; x_wconf 76' lang='lat'>5,</span> 
     </span>
     <span class='ocr_line' id='line_1_60' title="bbox 850 1788 1545 1833; baseline 0.001 -9"><span class='ocrx_word' id='word_1_294' title='bbox 850 1790 943 1833; x_wconf 82' lang='lat'><strong>256.</strong></span> <span class='ocrx_word' id='word_1_295' title='bbox 966 1791 1016 1825; x_wconf 80' lang='lat' dir='ltr'>II.</span> <span class='ocrx_word' id='word_1_296' title='bbox 1056 1790 1245 1824; x_wconf 74' lang='lat' dir='ltr'>Graecum</span> <span class='ocrx_word' id='word_1_297' title='bbox 1266 1788 1370 1823; x_wconf 86' lang='lat' dir='ltr'>hunc</span> <span class='ocrx_word' id='word_1_298' title='bbox 1391 1801 1545 1825; x_wconf 86' lang='lat' dir='ltr'>morem.</span> 
     </span>
     <span class='ocr_line' id='line_1_61' title="bbox 849 1844 1545 1885; baseline 0 -4"><span class='ocrx_word' id='word_1_299' title='bbox 849 1846 1064 1881; x_wconf 74' lang='lat' dir='ltr'>coronandi</span> <span class='ocrx_word' id='word_1_300' title='bbox 1102 1845 1197 1885; x_wconf 85' lang='lat' dir='ltr'>esse,</span> <span class='ocrx_word' id='word_1_301' title='bbox 1256 1844 1372 1880; x_wconf 76' lang='lat' dir='ltr'>iidem</span> <span class='ocrx_word' id='word_1_302' title='bbox 1418 1844 1545 1881; x_wconf 75' lang='lat' dir='ltr'>facere</span> 
     </span>
     <span class='ocr_line' id='line_1_62' title="bbox 847 1900 1544 1951; baseline 0 -14"><span class='ocrx_word' id='word_1_303' title='bbox 847 1902 962 1951; x_wconf 83' lang='lat' dir='ltr'>poffit</span> <span class='ocrx_word' id='word_1_304' title='bbox 978 1900 1196 1942; x_wconf 80' lang='lat' dir='ltr'>Iuvenalis,</span> <span class='ocrx_word' id='word_1_305' title='bbox 1225 1903 1458 1941; x_wconf 83' lang='lat' dir='ltr'>Romanum,</span> <span class='ocrx_word' id='word_1_306' title='bbox 1495 1901 1544 1937; x_wconf 81' lang='lat' dir='ltr'>ad</span> 
     </span>
     <span class='ocr_line' id='line_1_63' title="bbox 850 1958 1544 2006; baseline 0.001 -13"><span class='ocrx_word' id='word_1_307' title='bbox 850 1959 1089 1994; x_wconf 77' lang='lat' dir='ltr'>Graecorum</span> <span class='ocrx_word' id='word_1_308' title='bbox 1117 1971 1248 1993; x_wconf 78' lang='lat' dir='ltr'>mores</span> <span class='ocrx_word' id='word_1_309' title='bbox 1272 1958 1544 2006; x_wconf 46' lang='lat' dir='ltr'>compositum*</span> 
     </span>
     <span class='ocr_line' id='line_1_64' title="bbox 847 2014 1370 2063; baseline 0 -13"><span class='ocrx_word' id='word_1_310' title='bbox 847 2015 901 2050; x_wconf 83' lang='lat' dir='ltr'>ita</span> <span class='ocrx_word' id='word_1_311' title='bbox 919 2014 1176 2063; x_wconf 81' lang='lat' dir='ltr'>perstringens</span> <span class='ocrx_word' id='word_1_312' title='bbox 1197 2015 1278 2055; x_wconf 91' lang='lat'>111,</span> <span class='ocrx_word' id='word_1_313' title='bbox 1305 2014 1370 2059; x_wconf 80' lang='lat'>63.</span> 
     </span>
    </p>
   </div>
   <div class='ocr_carea' id='block_1_17' title="bbox 903 2103 1546 2198">
    <p class='ocr_par' dir='ltr' id='par_1_17' title="bbox 903 2103 1546 2198">
     <span class='ocr_line' id='line_1_65' title="bbox 903 2103 1546 2152; baseline 0.002 -12"><span class='ocrx_word' id='word_1_314' title='bbox 903 2104 961 2141; x_wconf 82' lang='lat' dir='ltr'>Et:</span> <span class='ocrx_word' id='word_1_315' title='bbox 1001 2106 1217 2141; x_wconf 76' lang='lat' dir='ltr'>ceromatico</span> <span class='ocrx_word' id='word_1_316' title='bbox 1251 2103 1333 2152; x_wconf 74' lang='lat' dir='ltr'>fert</span> <span class='ocrx_word' id='word_1_317' title='bbox 1369 2106 1546 2142; x_wconf 75' lang='lat' dir='ltr'>niceteria</span> 
     </span>
     <span class='ocr_line' id='line_1_66' title="bbox 1126 2162 1237 2198; baseline 0.018 -2"><span class='ocrx_word' id='word_1_318' title='bbox 1126 2162 1237 2198; x_wconf 81' lang='lat' dir='ltr'>collo.</span> 
     </span>
    </p>
   </div>
   <div class='ocr_carea' id='block_1_18' title="bbox 847 2239 1558 2736">
    <p class='ocr_par' dir='ltr' id='par_1_18' title="bbox 851 2239 1558 2736">
     <span class='ocr_line' id='line_1_67' title="bbox 851 2239 1545 2287; baseline -0.001 -12"><span class='ocrx_word' id='word_1_319' title='bbox 851 2242 957 2287; x_wconf 81' lang='lat' dir='ltr'>Quae</span> <span class='ocrx_word' id='word_1_320' title='bbox 989 2239 1092 2276; x_wconf 88' lang='lat' dir='ltr'>eollo</span> <span class='ocrx_word' id='word_1_321' title='bbox 1124 2240 1346 2275; x_wconf 78' lang='lat' dir='ltr'>ferebantur</span> <span class='ocrx_word' id='word_1_322' title='bbox 1366 2253 1545 2280; x_wconf 84' lang='lat' dir='ltr'>coronae,</span> 
     </span>
     <span class='ocr_line' id='line_1_68' title="bbox 854 2295 1546 2344; baseline -0.006 -11"><span class='ocrx_word' id='word_1_323' title='bbox 854 2296 1112 2342; x_wconf 74' lang='grc' dir='ltr'><em>ὕποθυμιάδες</em></span> <span class='ocrx_word' id='word_1_324' title='bbox 1136 2297 1278 2332; x_wconf 83' lang='lat' dir='ltr'>Graece</span> <span class='ocrx_word' id='word_1_325' title='bbox 1303 2295 1546 2344; x_wconf 65' lang='lat' dir='ltr'>appellabam</span> 
     </span>
     <span class='ocr_line' id='line_1_69' title="bbox 853 2352 1545 2401; baseline -0.001 -13"><span class='ocrx_word' id='word_1_326' title='bbox 853 2362 930 2392; x_wconf 89' lang='lat' dir='ltr'>tur,</span> <span class='ocrx_word' id='word_1_327' title='bbox 963 2363 1007 2387; x_wconf 88' lang='lat' dir='ltr'>ut</span> <span class='ocrx_word' id='word_1_328' title='bbox 1027 2353 1169 2388; x_wconf 83' lang='lat' dir='ltr'>Athen.</span> <span class='ocrx_word' id='word_1_329' title='bbox 1193 2366 1231 2401; x_wconf 78' lang='lat' dir='ltr'>p.</span> <span class='ocrx_word' id='word_1_330' title='bbox 1255 2353 1345 2398; x_wconf 68' lang='grc'><strong>674.</strong></span> <span class='ocrx_word' id='word_1_331' title='bbox 1378 2352 1545 2387; x_wconf 76' lang='lat' dir='ltr'>testatur.</span> 
     </span>
     <span class='ocr_line' id='line_1_70' title="bbox 854 2407 1547 2456; baseline -0.007 -11"><span class='ocrx_word' id='word_1_332' title='bbox 854 2408 972 2445; x_wconf 80' lang='lat' dir='ltr'>Versu</span> <span class='ocrx_word' id='word_1_333' title='bbox 1001 2409 1133 2455; x_wconf 74' lang='lat' dir='ltr'>priore</span> <span class='ocrx_word' id='word_1_334' title='bbox 1163 2409 1283 2444; x_wconf 79' lang='lat' dir='ltr'>nitido</span> <span class='ocrx_word' id='word_1_335' title='bbox 1305 2409 1352 2442; x_wconf 69' lang='lat' dir='ltr'>ad</span> <span class='ocrx_word' id='word_1_336' title='bbox 1371 2407 1547 2456; x_wconf 72' lang='lat' dir='ltr'>pulchri·</span> 
     </span>
     <span class='ocr_line' id='line_1_71' title="bbox 855 2463 1548 2500; baseline -0.007 0"><span class='ocrx_word' id='word_1_337' title='bbox 855 2464 1031 2500; x_wconf 84' lang='lat' dir='ltr'>tudinem</span> <span class='ocrx_word' id='word_1_338' title='bbox 1063 2476 1263 2500; x_wconf 82' lang='lat' dir='ltr'>comarum</span> <span class='ocrx_word' id='word_1_339' title='bbox 1297 2463 1548 2499; x_wconf 75' lang='lat' dir='ltr'>referendum</span> 
     </span>
     <span class='ocr_line' id='line_1_72' title="bbox 856 2519 1548 2564; baseline 0.001 -10"><span class='ocrx_word' id='word_1_340' title='bbox 856 2520 924 2561; x_wconf 80' lang='lat' dir='ltr'>est,</span> <span class='ocrx_word' id='word_1_341' title='bbox 978 2530 1021 2555; x_wconf 90' lang='lat' dir='ltr'>ut</span> <span class='ocrx_word' id='word_1_342' title='bbox 1061 2521 1152 2558; x_wconf 84' lang='lat' dir='ltr'>infr.</span> <span class='ocrx_word' id='word_1_343' title='bbox 1186 2527 1232 2564; x_wconf 77' lang='grc'>8,</span> <span class='ocrx_word' id='word_1_344' title='bbox 1271 2520 1333 2556; x_wconf 82' lang='lat'>16.</span> <span class='ocrx_word' id='word_1_345' title='bbox 1386 2519 1548 2553; x_wconf 65' lang='lat' dir='ltr'>nitidum</span> 
     </span>
     <span class='ocr_line' id='line_1_73' title="bbox 847 2575 1547 2627; baseline -0.004 -15.969"><span class='ocrx_word' id='word_1_346' title='bbox 847 2584 964 2627; x_wconf 78' lang='lat' dir='ltr'>caput</span> <span class='ocrx_word' id='word_1_347' title='bbox 983 2586 1020 2610; x_wconf 87' lang='lat' dir='ltr'>et</span> <span class='ocrx_word' id='word_1_348' title='bbox 1040 2577 1141 2625; x_wconf 85' lang='lat' dir='ltr'>apud</span> <span class='ocrx_word' id='word_1_349' title='bbox 1155 2575 1437 2612; x_wconf 83' lang='lat' dir='ltr'>Callimachum</span> <span class='ocrx_word' id='word_1_350' title='bbox 1450 2575 1547 2608; x_wconf 73' lang='lat' dir='ltr'>Lav-</span> 
     </span>
     <span class='ocr_line' id='line_1_74' title="bbox 852 2630 1549 2679; baseline -0.006 -13"><span class='ocrx_word' id='word_1_351' title='bbox 852 2631 948 2667; x_wconf 81' lang='lat' dir='ltr'>Pall.</span> <span class='ocrx_word' id='word_1_352' title='bbox 990 2640 1055 2674; x_wconf 82' lang='lat'>52.</span> <span class='ocrx_word' id='word_1_353' title='bbox 1095 2632 1251 2679; x_wconf 76' lang='grc' dir='ltr'><em>λιπαρὸν</em></span> <span class='ocrx_word' id='word_1_354' title='bbox 1277 2649 1322 2658; x_wconf 90' lang='lat'>-</span> <span class='ocrx_word' id='word_1_355' title='bbox 1349 2630 1549 2674; x_wconf 77' lang='grc' dir='ltr'><strong><em>πλόκαμον,</em></strong></span> 
     </span>
     <span class='ocr_line' id='line_1_75' title="bbox 854 2682 1558 2736; baseline -0.004 -14"><span class='ocrx_word' id='word_1_356' title='bbox 854 2688 961 2735; x_wconf 87' lang='lat' dir='ltr'>quod</span> <span class='ocrx_word' id='word_1_357' title='bbox 1012 2686 1268 2736; x_wconf 81' lang='lat' dir='ltr'>Spanhemius</span> <span class='ocrx_word' id='word_1_358' title='bbox 1313 2683 1411 2722; x_wconf 79' lang='lat' dir='ltr'>bene</span> <span class='ocrx_word' id='word_1_359' title='bbox 1455 2682 1558 2724; x_wconf 45' lang='lat' dir='ltr'>illu«</span> 
     </span>
    </p>
   </div>
   <div class='ocr_carea' id='block_1_19' title="bbox 851 2743 1094 2781">
    <p class='ocr_par' dir='ltr' id='par_1_19' title="bbox 851 2743 1094 2781">
     <span class='ocr_line' id='line_1_76' title="bbox 851 2743 1094 2781; baseline 0.013 -3"><span class='ocrx_word' id='word_1_360' title='bbox 851 2743 899 2778; x_wconf 74' lang='lat' dir='ltr'>sti</span> <span class='ocrx_word' id='word_1_361' title='bbox 902 2744 994 2780; x_wconf 77' lang='lat' dir='ltr'>avit.</span> <span class='ocrx_word' id='word_1_362' title='bbox 1027 2745 1094 2781; x_wconf 82' lang='lat' dir='ltr'>W.</span> 
     </span>
    </p>
   </div>
  </div>
 </body>
</html>
