1752 2974
214 172 286 204 xx
745 158 824 195 DE
866 156 1133 198 TIBVLLI

217 273 295 313 Sed
326 274 400 312 viri
431 272 535 310 docti
564 272 718 321 genium
749 270 892 319 elegiae
923 284 1002 307 non
1044 269 1134 307 satis
1173 266 1418 320 perspectum
1457 269 1670 308 habebant&

218 345 323 392 Quid
344 344 447 380 enim
469 340 608 392 quaeso
627 340 701 388 est,
743 341 781 375 in
812 353 888 390 quo
913 340 1076 378 maxime
1101 339 1167 376 illa
1199 336 1403 377 versatur?
1434 352 1483 375 an
1506 340 1546 376 in
1573 337 1669 377 suh-

218 416 278 453 tili
309 414 438 463 aliqua
477 420 514 448 et
549 412 597 448 ad
631 409 849 446 dialectices
890 410 1040 460 regulas
1081 417 1234 456 exacta,
1285 406 1416 446 severa
1456 416 1493 445 et
1531 409 1669 445 acerba

220 497 349 523 rerum
375 482 436 520 vcl
466 480 741 517 sententiarum
770 477 959 530 positione
986 488 1023 517 et
1053 476 1330 517 enarratione?
1371 492 1420 515 an
1453 478 1495 514 in
1525 490 1583 523 eo,
1614 486 1668 524 ut,

220 568 318 606 quac
356 551 534 601 diligenti
575 546 879 586 consideratione
919 558 956 586 et
984 549 1105 587 multo
1146 548 1291 585 iudicio
1340 548 1534 598 exegeris,
1574 546 1671 583 dili-

222 624 325 676 genti
348 630 383 658 ct
403 619 583 668 castigata
603 619 778 655 oratione
799 617 1000 669 exponas?
1039 621 1161 656 Immo
1184 631 1276 656 vero
1298 618 1338 654 in
1360 617 1435 654 hoc
1456 618 1538 655 eius
1559 617 1671 666 inge-

223 696 333 734 nium
351 699 388 728 ct
406 698 541 726 natura
564 687 806 735 continetur,
834 697 876 725 ut
896 689 1015 725 animi
1037 690 1217 726 commoti
1238 702 1281 725 ac
1301 687 1519 739 perturbati
1539 684 1673 724 sensus

223 773 261 802 ct
279 761 498 799 affectiones
520 755 586 794 scu
607 758 804 796 molliores
824 756 888 795 scu
911 772 958 794 ex
979 759 1154 808 graviore
1176 759 1321 809 inipetu
1344 759 1419 794 iam
1442 754 1612 793 remiffas
1636 764 1676 793 et

223 829 459 871 subsidentes
483 829 685 879 exprimat.
710 827 749 878 *)

221 900 477 955 praecipuum
496 906 764 947 argumentum
784 897 854 935 fibi
877 899 1120 936 tractandum
1142 896 1280 944 sumit,
1318 912 1441 947 neque
1462 906 1602 934 temere
1625 895 1676 933 ad

817 830 865 866 In
904 828 977 865 hoc
1005 838 1158 878 regnat3
1206 830 1247 865 in
1275 828 1349 866 hoe
1377 836 1454 865 tota
1488 824 1560 874 est;
1598 825 1675 863 hoc

223 972 300 1009 alia
333 968 484 1006 avocari
517 968 641 1004 debet.
704 970 833 1017 Quare
863 966 993 1005 illud?
1039 969 1151 1017 quia,
1191 982 1279 1004 cum
1309 965 1466 1017 singulis
1501 965 1675 1002 distichis

224 1040 415 1080 sententia
438 1038 609 1083 finiatur,
636 1052 716 1076 non
739 1037 811 1075 nisi
831 1037 1000 1087 singulae
1024 1046 1060 1074 et
1082 1052 1103 1074 a
1123 1035 1161 1074 se
1184 1038 1351 1075 invicem
1372 1035 1564 1073 seiunctae
1585 1033 1675 1072 sen-

223 1112 367 1151 tentiae
390 1110 428 1145 in
453 1121 495 1144 ca
515 1108 611 1158 poni
635 1107 804 1159 possunt.
881 1109 984 1144 Haec
1004 1106 1077 1153 est,
1120 1105 1147 1142 fi
1167 1107 1248 1143 eius
1269 1106 1442 1143 indolem
1463 1114 1563 1142 reete
1581 1118 1676 1155 per-

224 1181 349 1234 spicio
363 1207 373 1225 ,
413 1192 502 1216 vera
535 1176 682 1224 caussa,
713 1192 783 1214 cur
803 1177 972 1214 motibus
993 1177 1113 1213 animi
1135 1176 1400 1227 exprimendis
1421 1175 1532 1213 unice
1554 1174 1674 1212 desti-

226 1260 317 1290 nata
346 1247 412 1287 est.

270 1389 314 1430 ἃ)
338 1387 449 1420 Recte
464 1384 650 1419 Boilavius
670 1386 709 1417 in
724 1383 816 1419 Arte
835 1384 917 1420 sua:

294 1443 444 1489 Ilsam‘,
468 1453 535 1487 que
554 1441 586 1472 le
605 1453 708 1473 coeur
717 1441 801 1485 seul
811 1442 919 1486 parle

506 1499 597 1530 dans
618 1497 781 1543 l'EIegie.

270 1557 340 1597 ὑὲθ’τ)
373 1554 563 1599 Principio
589 1552 689 1596 dixi,
725 1554 919 1588 Horatium

224 1611 404 1659 sequutus·
429 1619 519 1645 noto
554 1612 636 1645 loco
667 1610 749 1645 Art.
783 1612 837 1656 75.
865 1610 917 1656 sq.

225 1680 303 1704 non
330 1666 429 1712 quali
458 1668 551 1711 elegi
576 1670 725 1701 omnino
752 1679 772 1701 a
797 1670 919 1712 queri-

225 1727 350 1759 monia
401 1725 649 1768 process'erint.
720 1723 920 1769 Antiquior

227 1792 354 1815 eorum
376 1780 459 1814 usus
486 1780 556 1814 suit
580 1783 619 1814 in
644 1780 813 1816 brevibus
836 1781 916 1814 sen-

226 1839 348 1871 tentiis
378 1837 528 1879 ethicis,
573 1841 715 1882 gnomis
744 1847 780 1872 et
811 1850 916 1884 prae—

226 1896 338 1939 ceptis
376 1896 482 1927 vitae.
552 1895 659 1929 Tales
689 1894 791 1929 fuere
824 1896 918 1939 elegi

226 1950 472 1995 Theognidis,
515 1950 660 1987 Solonis
686 1960 721 1986 et
750 1953 915 1986 aliorum.

223 2006 436 2042 Translatus
475 2019 621 2053 quoque
651 2008 696 2042 ad
725 2008 845 2043 sensus
882 2016 918 2042 et

224 2063 372 2098 affectus
391 2067 504 2097 animi
519 2076 645 2100 eorum
660 2064 744 2100 usus
762 2066 916 2100 multum

223 2132 246 2154 a
270 2121 437 2155 lamentis
477 2120 616 2163 abfuit,
660 2122 689 2156 fi
717 2123 916 2167 Tyrtaeum

221 2179 442 2216 memineris.
498 2177 559 2212 Ad
587 2180 771 2213 molliores
794 2179 914 2214 sensus

219 2233 421 2269 reddendos
446 2234 611 2270 adhibuit
639 2237 762 2281 elegos
792 2237 912 2271 &imo-

219 2289 345 2332 uides,
369 2291 532 2327 nondum
548 2300 668 2327 tamen
692 2304 824 2337 genere
847 2294 912 2327 ali-

220 2358 294 2392 quo
322 2351 522 2384 carminum
546 2349 737 2385 constituto
764 2350 848 2385 l'atis
871 2362 913 2384 ac

216 2403 381 2439 definito.
436 2407 562 2450 Itaque
586 2410 680 2441 inter
707 2407 914 2452 sequiorum

219 2463 327 2495 etiam
345 2469 502 2497 aetatum
519 2466 646 2508 poetas
662 2464 802 2498 videbis
821 2465 911 2499 alios

218 2528 350 2560 genere
379 2520 539 2564 elegiaco
574 2519 659 2554 usos
689 2520 779 2563 else,
820 2521 913 2555 alios

223 2575 354 2618 elegias
376 2575 560 2622 scripiiss'e.
608 2577 746 2612 Prioris
770 2581 912 2623 generis

222 2635 351 2673 poetae
380 2637 623 2675 narrationes,
663 2634 840 2679 hymnos,
876 2642 913 2668 et

224 2688 290 2721 alia
327 2700 538 2735 argumenta
566 2692 635 2726 hac
663 2694 820 2726 carmine
853 2694 911 2725 in—

223 2747 418 2789 riurei-uun
451 2749 551 2795 quod
578 2748 614 2784 Ee
636 2747 912 2783 conunendabat

482 1248 548 1284 Uti
577 1248 776 1299 principio
810 1248 931 1285 luctui
963 1255 1000 1284 et
1030 1245 1207 1284 tristitiae
1237 1245 1494 1293 inserviebat,
1517 1245 1578 1295 **)
1621 1246 1674 1282 ita

1587 1313 1677 1353 suc-

983 1385 1140 1420 senfibus
1159 1396 1225 1430 per
1241 1384 1368 1419 breves
1389 1383 1552 1429 strophas
1570 1382 1675 1418 facile

985 1443 1187 1487 expediti33
1228 1441 1293 1476 etfi
1324 1453 1391 1476 nee
1429 1441 1473 1476 de
1511 1453 1554 1476 eo
1590 1441 1675 1475 satis.

982 1498 1127 1532 solliciti
1150 1507 1270 1539 erant,
1295 1506 1336 1531 ut
1356 1497 1567 1532 sententiam
1586 1496 1676 1532 stro-

984 1554 1080 1599 pha,
1122 1554 1184 1588 seu
1207 1554 1301 1588 binis
1329 1554 1488 1589 versibus
1516 1555 1675 1589 finirent.

985 1612 1125 1645 Verum
1148 1619 1224 1645 arte
1252 1613 1396 1655 poetica
1420 1613 1535 1655 magis
1559 1622 1676 1656 expo—-

982 1668 1047 1702 lita
1074 1676 1110 1702 et
1138 1670 1306 1702 carminis
1331 1678 1461 1711 genere
1480 1669 1600 1713 aliquo
1627 1678 1674 1701 ex

985 1727 1189 1768 argumenti
1224 1723 1346 1757 indole
1383 1731 1418 1757 et
1452 1726 1676 1758 tractationis

981 1789 1110 1815 natura
1136 1784 1334 1815 accuratius
1351 1779 1541 1814 constituto
1568 1781 1674 1814 intel-

981 1839 1115 1872 lectum
1133 1836 1201 1879 est,
1227 1840 1338 1872 animi
1360 1836 1508 1872 affectus
1529 1837 1673 1870 mollio-

981 1907 1038 1930 res
1072 1903 1243 1940 tanquam
1277 1897 1463 1929 materiem
1489 1895 1674 1939 propriam

982 1952 1159 1987 subiectos
1179 1953 1316 1996 elegiae
1335 1952 1425 1991 else,
1457 1953 1496 1985 in
1524 1962 1595 1996 qua
1619 1951 1674 1984 illi

982 2008 1197 2044 versandum
1212 2009 1311 2043 effet.
1350 2009 1384 2042 N
1387 2019 1426 2042 ec
1445 2017 1566 2042 tamen
1579 2010 1674 2040 intra

982 2069 1058 2099 eius
1077 2066 1167 2100 fines
1187 2068 1336 2100 omnino
1358 2056 1395 2099 se
1419 2068 1675 2099 continuerunt

981 2125 1161 2168 principes
1187 2125 1354 2157 carminis
1383 2130 1565 2160 auctores,
1591 2121 1673 2156 Cal-

979 2181 1086 2220 linus,
1112 2180 1362 2220 Mimnermus,
1387 2179 1562 2219 Philetas,
1591 2178 1673 2213 Cal-

979 2236 1154 2271 limachus
1166 2261 1175 2277 ,
1201 2244 1376 2281 quanttun
1396 2247 1444 2270 ex
1461 2234 1673 2279 fragmentis

980 2301 1014 2326 et
1035 2294 1292 2328 aemulantium
1308 2305 1371 2327 eos
1388 2296 1577 2338 poetarinn
1596 2292 1670 2325 Ro-

979 2361 1171 2384 manorum
1196 2347 1317 2384 studiis
1346 2351 1580 2394 intelligitur3
1620 2351 1673 2383 ita

980 2415 1020 2440 ut
1053 2409 1203 2441 omnino
1234 2408 1302 2440 duo
1333 2409 1428 2441 inter
1465 2405 1501 2439 se
1533 2404 1672 2439 diversa

979 2465 1174 2497 carminum
1236 2475 1372 2510 genera
1426 2459 1672 2495 constituenda

978 2521 1049 2555 else
1082 2519 1285 2562 videantur,
1329 2519 1433 2552 aliud
1453 2529 1566 2562 genus
1597 2518 1671 2550 ele-

978 2581 1140 2622 giacum,
1176 2585 1327 2611 externo
1365 2575 1491 2609 habitu
1518 2582 1553 2607 et
1579 2572 1669 2607 firo-

977 2635 1133 2681 pharum
1148 2635 1322 2669 brevitate
1342 2631 1387 2666 ad
1405 2630 1538 2666 diversa
1562 2641 1668 2675 argu-

977 2700 1098 2727 menta
1118 2689 1277 2724 adhibita
1294 2687 1474 2730 notabile,
1499 2688 1577 2723 alia
1595 2688 1669 2721 ele-

976 2752 1036 2794 gia
1056 2749 1204 2793 proprie
1235 2744 1342 2783 dieta.
