1752 2974
140 142 196 188 86
584 145 789 187 ALBII
845 145 1146 188 TIBVLLI

140 263 209 312 At
239 273 290 312 te
323 264 564 316 victrices
595 266 804 319 lani-08,
853 261 1094 321 Meffala‚
1135 272 1405 329 gerentem

217 354 460 402 Portabat
483 353 656 401 niveis
682 368 868 400 currus
892 353 1127 401 eburnus
1154 352 1317 416 equis.

139 437 198 488 N
202 457 272 488 011
286 441 392 489 fine
403 458 488 489 me
504 439 575 487 est
590 439 688 487 tibi
702 449 883 505 partus
897 440 1070 489 honos
1087 456 1100 488 ε
1137 439 1378 488 Tarbella
1391 440 1599 504 Pyrene

217 528 408 585 Testis,

469 538 522 575 et
549 527 745 574 Oceani
785 527 965 575 littora
995 528 1288 585 Santonici;

1530 544 1598 575 10

139 615 306 665 Testis
337 618 470 665 Arar
502 614 906 680 Rhodanusque
936 615 1099 672 celer,
1138 631 1470 680 magnusque
1500 616 1600 662 Ga-

975 718 1185 760 sumna,

215 790 441 840 Carnuti
471 801 522 839 et
556 789 682 841 flavi
715 791 920 840 caerula
950 788 1173 855 lympha
1196 790 1368 854 Liger.

134 874 222 928 'An
254 889 331 936 te,
367 878 588 944 Cydne,
629 896 838 937 canam,
878 879 1049 926 tacitis
1085 877 1182 942 qui
1217 878 1410 925 leniter
1439 874 1602 927 undis

214 968 505 1020 Caeruleus
534 967 757 1037 placidis
782 984 878 1036 per
899 964 1044 1033 ⁸vada
1074 963 1237 1031 serpis
1271 966 1446 1031 aquis;

198 1208 235 1245 9.
265 1197 355 1234 Non
377 1197 460 1249 fine
487 1212 544 1234 me
575 1196 626 1247 est
657 1199 726 1236 tibi
747 1214 834 1250 par-

139 1261 196 1289 tus
227 1254 369 1298 honos)
415 1255 597 1291 Interfuit
636 1270 728 1305 ergo
771 1271 835 1293 ex-

136 1311 358 1359 peditioni,
388 1323 446 1352 et,
473 1323 515 1347 nt
543 1313 836 1360 probabileTfit,

136 1367 371 1415 triumphali
400 1381 566 1416 pompae
596 1369 674 1417 ipse
697 1369 838 1404 Tibul-

139 1421 213 1458 lus.
279 1424 455 1459 Tarbella
481 1425 659 1472 Pyrene)
688 1427 838 1471 Pyrene

138 1479 226 1513 funt
277 1484 430 1515 n‘iontes
471 1480 684 1526 Pyrenaei,
738 1492 838 1528 quos

139 1535 337 1575 Tarbelli,
377 1534 609 1583 Aquitaniae
650 1536 838 1585 populus,

138 1592 270 1627 versus
307 1591 418 1627 littus
455 1591 685 1639 Aquitanici
720 1593 839 1628 maris

139 1647 343 1688 accolunt;
376 1648 470 1684 hinc
494 1648 641 1696 Pyrene
664 1648 841 1684 Tarbella

137 1703 203 1738 seu
238 1704 466 1746 Tarbellica,
497 1715 543 1739 ut
572 1704 688 1753 Alpes
715 1706 840 1741 Rhae-

141 1761 227 1794 tiae.
260 1760 376 1795 honos
407 1771 536 1797 autem
567 1761 608 1797 h.
629 1760 657 1797 l.
690 1760 738 1796 est
760 1761 839 1810 ipse

137 1813 207 1850 isse
236 1817 473 1864 triumphus.
509 1850 516 1856 ,

205 1885 268 1907 10.
332 1874 474 1909 Oceani
515 1893 573 1903 -—-
618 1875 840 1918 Santonici)

141 1941 161 1963 a
183 1930 419 1965 santonibus
433 1956 443 1970 ,
473 1942 588 1980 gente
607 1932 841 1982 Aquitanica

140 1985 245 2020 inter
283 1986 461 2033 Ligerim
514 1998 551 2022 et
591 1988 839 2027 Garumnam,

140 2041 274 2077 'versus
313 2043 418 2077 idem
455 2043 566 2079 littus
600 2046 686 2085 fita,
736 2057 841 2079 nuno

143 2097 364 2146 Saintonge.
413 2102 462 2134 H.
529 2097 646 2147 Testis
688 2115 726 2136 v.
776 2113 838 2135 ιι.

143 2166 233 2188 cum
257 2155 301 2190 vi
324 2156 555 2203 repetitum,
585 2170 695 2192 more
724 2156 842 2206 pede-

143 2208 279 2245 strium
302 2224 460 2259 quoque
481 2212 725 2260 scriptorum.
760 2213 840 2248 Cic.

143 2278 218 2315 pro
248 2266 322 2315 leg.
345 2269 451 2303 Man.
481 2282 512 2304 c.
531 2270 602 2304 XI.
648 2266 764 2316 Testis
794 2264 844 2315 eft

144 2322 259 2358 Italia
288 2341 341 2350 -—
375 2321 474 2372 tastis
512 2322 562 2373 est
602 2326 730 2360 Sicilia
772 2334 843 2360 cet.

144 2378 193 2415 cf.
214 2379 305 2415 infr.
325 2380 401 2419 IV,
432 2393 473 2422 1,
500 2391 590 2425 107.
615 2382 691 2429 sqq.
722 2383 787 2417 VV-

209 2448 273 2472 11.
333 2450 560 2486 magnusque
620 2437 843 2482 Garumna)

147 2502 312 2541 propter
336 2494 528 2535 aestuaria,
563 2508 659 2542 quae
682 2495 785 2530 facit.

213 2558 276 2583 12.
321 2551 472 2586 Car-nuti
505 2560 541 2586 et
565 2550 665 2598 flavi
701 2551 846 2586 caerula

73 2655 78 2661 ⁴
149 2604 309 2653 lympha
361 2605 512 2656 Liger)
572 2608 734 2643 carnuti
781 2607 847 2642 vel

148 2661 337 2698 Carnutes
366 2662 513 2699 Galliae
543 2663 715 2715 populns
736 2663 847 2712 supra

149 2716 341 2766 Ligerim,
355 2718 457 2766 flavi
477 2720 574 2758 dicti
595 2734 615 2757 a
635 2719 766 2757 col'ore
787 2732 847 2756 ca-

1423 1056 1604 1122 Quan-

901 1197 1118 1250 pillorum,

905 1256 1017 1293 Galli.
1081 1254 1239 1291 Caerula
1267 1251 1483 1301 appellatur
1503 1252 1604 1299 lym-

904 1312 982 1361 'Pha
1003 1310 1172 1361 Ligeris,
1206 1310 1242 1344 h,
1274 1321 1477 1357 aequorea,
1512 1309 1606 1356 quia.

909 1368 1086 1403 Oceanus
1128 1367 1247 1401 intrat
1283 1378 1355 1414 per
1397 1365 1512 1407 ostia,
1559 1374 1607 1415 ⁴el:

906 1423 1089 1459 aestuaria
1116 1422 1220 1458 facit.

1181 1207 1227 1234 ut
1281 1195 1445 1232 omnino
1497 1197 1606 1244 saepe

968 1544 1031 1579 13.
1062 1528 1211 1575 An'te,
1252 1534 1408 1584 Cydne,
1449 1534 1607 1578 canam)

906 1591 1064 1628 Transit
1108 1591 1155 1626 ad
1195 1604 1256 1627 res
1300 1605 1320 1625 a
1366 1590 1523 1627 Meffala
1563 1591 1608 1625 in

906 1649 1011 1689 Asia,
1044 1648 1169 1694 Syria,
1203 1647 1401 1683 Phoenice
1423 1657 1460 1683 et
1479 1648 1607 1695 Aegy·

906 1715 976 1753 pto
1006 1703 1157 1752 aliquot
1178 1714 1263 1738 ante
1283 1704 1392 1740 annis
1414 1703 1543 1751 gestas.
1566 1716 1607 1739 v.

908 1760 955 1795 ad
985 1774 1024 1796 v.
1054 1766 1092 1803 5.
1123 1770 1161 1795 et
1193 1758 1298 1795 Obff.
1331 1760 1378 1794 ad
1405 1759 1465 1795 El.
1489 1768 1527 1802 3.
1547 1772 1609 1809 pr.

909 1817 1041 1864 Cydni
1075 1827 1203 1851 autem
1237 1817 1360 1851 amnis
1391 1828 1538 1865 purus,
1571 1825 1609 1852 et

909 1874 1038 1909 cursus
1079 1871 1266 1920 placidus.
1311 1873 1419 1909 Curt.
1453 1874 1536 1911 III,
1567 1877 1607 1917 1¹4.

908 1931 1046 1977 Itaque
1081 1927 1149 1963 ille
1185 1929 1331 1964 dicitnr
1359 1930 1480 1964 tacitis
1499 1929 1608 1962 undis

909 1987 1041 2021 leniter
1067 1985 1239 2033 placidus
1253 1984 1427 2033 serpere,
1458 1985 1608 2019 immit-

910 2052 990 2077 tere
1039 2043 1097 2081 se,
1149 2055 1215 2088 per
1264 2040 1386 2081 vada,
1433 2040 1609 2075 caeruleis

910 2099 1039 2147 aquis,
1079 2097 1119 2132 h.
1149 2111 1179 2132 c.
1209 2097 1251 2131 in
1278 2110 1395 2132 mare.
1436 2098 1486 2131 H.
1546 2098 1609 2132 De

908 2166 1061 2203 :recepta
1088 2153 1258 2188 lectione
1288 2152 1472 2188 caeruleus
1490 2153 1609 2200 placi-

911 2213 969 2246 dis
990 2212 1035 2246 cf.
1061 2209 1164 2257 Obff.
1189 2210 1374 2244 caeruleus
1394 2209 1440 2243 ad
1464 2221 1610 2257 pnrunl

913 2268 1087 2304 colorem
1119 2266 1269 2314 spectat.
1300 2285 1354 2293 --
1388 2267 1509 2300 tacitis
1543 2279 1608 2299 un·

914 2325 972 2360 dis
986 2322 1118 2372 serpis.
1153 2321 1272 2358 Ovid.
1297 2322 1407 2368 Trist.
1433 2323 1514 2361 III,
1544 2333 1607 2361 10,

915 2390 981 2424 50.
1014 2379 1158 2425 (Ister)
1191 2381 1295 2414 tectis
1316 2381 1354 2414 in
1376 2392 1475 2413 mare
1488 2376 1609 2426 serpit}

914 2439 1030 2486 aquis.
1053 2456 1110 2463 --
1126 2452 1192 2485 per
1211 2436 1318 2471 vada.
1352 2435 1487 2471 vadum
1520 2433 1608 2467 fun-

915 2495 986 2530 dus
1016 2492 1211 2533 fluminis,
1271 2502 1315 2526 ut
1349 2490 1449 2538 apud
1486 2488 1608 2524 Ovid.

915 2551 1011 2585 Met.
1034 2552 1073 2590 I,
1100 2549 1192 2597 569.
1254 2545 1468 2598 Cephisidas
1490 2546 1609 2579 undas

914 2625 970 2633 —-
992 2606 1089 2642 vada
1109 2602 1379 2652 notasecantes.
1410 2601 1468 2636 Ad
1482 2601 1610 2636 lenem

910 2655 1031 2698 'fluvii
1058 2662 1210 2697 cursum
1243 2658 1484 2708 pingendum
1519 2670 1610 2692 con-

914 2718 1060 2769 spirant
1103 2717 1223 2754 verba
1262 2717 1410 2756 tacitis,
1464 2714 1610 2754 leniter,

1477 2768 1609 2821 serpis.
