1752 2974
198 145 224 188 6
638 151 842 193 ALBII
899 148 1204 193 TIBVLLI

277 268 525 319 Libatum
555 270 810 335 agricolae
838 270 1062 334 ponitur
1095 277 1212 317 ante
1249 265 1367 316 deo.

200 356 358 404 Flava
389 359 573 415 Ceres,
615 358 713 404 tibi
746 355 805 404 [lt
834 356 1012 407 nostro
1044 357 1109 406 cle
1141 372 1265 405 rure
1299 371 1495 404 corona
1578 365 1641 413 15

279 445 485 510 Spicea,
535 461 669 507 quae
703 445 888 509 templi
915 445 1141 510 pendeat
1177 453 1295 492 ante
1326 440 1493 502 fores;

202 532 544 596 Pomosisque
579 531 740 579 ruber
775 531 948 583 custos
983 543 1215 600 ponatur
1247 533 1307 580 in
1338 531 1521 590 hortis,

280 624 497 669 Terreat
534 629 595 668 ut
628 617 779 669 [aeva
811 619 942 669 falce
973 622 1192 687 Priapus
1227 636 1366 670 aves.

201 837 266 874 vel
298 840 523 890 simpliciter
541 843 711 892 profert,
742 842 891 892 gignit:

202 906 246 930 ut
272 897 313 932 in
334 899 498 935 Lufibus
523 908 587 942 51.

257 954 433 995 Becasve‚
466 966 623 1005 quantas
655 956 779 991 hortus
808 956 894 991 edu·

483 1022 542 1047 cat
561 1013 694 1047 nullus.

205 1066 262 1102 Cf.
315 1067 434 1117 Vulp.
494 1069 642 1106 Annum
703 1068 895 1104 vocabant

205 1123 422 1172 quamlibet
452 1120 542 1160 anni
560 1135 730 1173 partem,
761 1135 804 1159 ut
824 1137 894 1159 no-

204 1191 301 1215 tum.
339 1192 378 1214 v.
416 1180 591 1216 Broukh.
626 1181 746 1231 Vulp.
814 1182 894 1215 De·

205 1236 322 1271 clarat
355 1247 482 1271 autem
512 1246 627 1284 poeta
658 1238 691 1272 se
716 1237 895 1285 omnium

202 1293 403 1327 fructuum
452 1295 636 1341 primicias
688 1306 894 1342 apponere.

201 1349 306 1383 Hinc
329 1349 504 1390 libatum,
531 1361 824 1398 praecerptum,
858 1360 896 1384 et

203 1414 300 1440 ante.
339 1406 391 1440 H.
463 1408 525 1441 De
573 1406 704 1441 verbis
744 1408 896 1454 ponitur

205 1470 292 1495 ante
318 1461 410 1496 vide
432 1461 538 1498 Obss‘.
567 1463 633 1497 VV-

266 1529 283 1549 ι
293 1527 328 1558 4.
348 1518 536 1563 agricolae
548 1535 599 1543 -—·
613 1516 701 1562 deo)
714 1515 898 1554 Absolute

204 1571 258 1606 ita
289 1571 439 1608 dietum
473 1575 580 1609 deum
608 1574 811 1621 agricolam
831 1573 900 1606 vix

207 1626 329 1661 alium
359 1639 472 1676 putes
505 1630 597 1670 effe,
648 1642 763 1676 quam
793 1628 898 1662 Pria-

205 1696 313 1731 pum.
375 1685 437 1719 Sic
460 1697 497 1721 et
520 1685 590 1719 inf.
621 1683 681 1720 ΕΙ.
707 1692 750 1727 5,
775 1693 839 1727 27.

264 1739 337 1775 Illa
378 1741 447 1777 deo
478 1741 574 1790 sciet
610 1741 798 1788 agricolae
828 1753 897 1788 pro

449 1798 586 1834 vitibus
608 1811 727 1836 uvam,

324 1855 396 1890 Pro
441 1853 573 1904 segete
617 1853 743 1903 spicas
761 1880 772 1894 ,
830 1867 899 1902 pro

453 1924 566 1958 grege
582 1910 684 1958 ferre
711 1910 856 1958 dapem.

209 1968 376 2005 Videtur
424 1978 552 2002 tamen
592 1966 631 2001 h.
672 1966 698 2002 l.
742 1965 899 2007 obstare,

210 2023 317 2073 quod
360 2022 493 2072 paullo
531 2021 615 2071 post
660 2033 901 2065 memoratur

209 2082 354 2117 iterum
412 2079 585 2128 Priapus.
640 2078 815 2115 Broukh.
865 2089 903 2113 et

209 2137 340 2172 Heius.
361 2136 462 2171 Adv.
491 2149 535 2176 1,
558 2145 593 2171 2.
630 2134 901 2171 Vertumnum

211 2191 470 2239 intelligunt3
510 2222 512 2224 ,
558 2191 729 2239 Vulpius
783 2190 900 2226 deum

212 2260 484 2296 quemcunque
513 2247 770 2296 agriculturae
793 2260 903 2296 prae-

213 2306 342 2341 fidem.
413 2303 532 2340 Nihil
561 2305 644 2340 sane
676 2303 743 2344 est,
795 2303 903 2351 quod

215 2360 371 2397 definiri
400 2360 503 2409 posse
534 2371 679 2409 putem.
739 2360 841 2396 Nam
867 2370 904 2395 et

216 2417 396 2452 Silvanus
424 2427 463 2453 et
484 2420 561 2452 Pan
584 2416 655 2452 effe
672 2416 793 2465 potest
815 2416 903 2450 deus

214 2473 393 2522 agricola.
459 2473 647 2510 Dicemus
675 2471 799 2520 igitur
832 2471 901 2506 effe

215 2529 386 2565 absolute
425 2531 591 2579 pofitum
620 2542 693 2577 pro
722 2527 899 2576 vulgari:

216 2586 392 2634 agricolis
419 2588 492 2621 diis
517 2587 678 2634 ponitur.
707 2586 758 2621 H.
816 2585 903 2619 Hoc

217 2643 376 2689 quidem
425 2656 514 2678 cum
563 2643 718 2690 Guyeto
765 2654 903 2677 verum

1539 708 1648 756 Vos

962 841 1143 877 Ceterum
1182 838 1323 887 pietate
1362 839 1425 875 sua
1468 840 1510 876 in
1560 841 1652 877 deos

962 895 1149 945 agricolas
1170 907 1394 936 memorata,
1431 911 1504 945 qua
1528 910 1652 932 mere-

961 964 1070 988 retur
1087 979 1096 993 ,
1150 961 1195 986 ut
1241 951 1339 986 uber
1385 966 1567 1000 agrorum
1617 963 1654 987 et

960 1010 1166 1044 vinearum
1199 1019 1414 1055 proventus
1447 1009 1515 1044 fibi
1547 1010 1652 1044 dare-

961 1075 1036 1105 tur,
1059 1065 1106 1099 ad
1126 1073 1218 1098 vota
1237 1070 1296 1106 15.
1316 1065 1519 1099 commode
1534 1075 1654 1099 trans-

959 1121 1029 1161 iit,
1080 1133 1176 1168 quae
1214 1120 1528 1156 conditionaliter
1563 1134 1653 1156 con-

963 1187 1071 1225 cepta
1099 1176 1168 1211 effe
1198 1187 1378 1224 apparet:
1413 1178 1453 1212 Si
1482 1178 1572 1226 Spes
1598 1191 1654 1212 me

963 1246 1036 1268 non
1060 1229 1250 1280 destituat,
1284 1232 1425 1282 tibifit.
1461 1235 1525 1269 VV-
1545 1243 1560 1253 ⁸

1024 1290 1086 1324 ²26.
1119 1301 1253 1322 corona
1274 1287 1424 1337 spicea,
1457 1304 1549 1339 quae
1570 1299 1656 1326 tem-

959 1346 1015 1395 pli
1035 1345 1194 1394 pendeat
1214 1353 1301 1379 ante
1316 1343 1441 1392 fores)
1466 1359 1513 1382 ex
1533 1355 1655 1383 more.

962 1405 1079 1449 Prop.
1107 1402 1184 1439 IV,
1207 1408 1252 1442 5,
1292 1411 1350 1443 ¹7·

1024 1456 1204 1493 Omnibus
1228 1457 1321 1491 heu!
1350 1460 1470 1505 portis
1493 1459 1656 1505 pendent

1189 1525 1269 1545 mea
1291 1526 1405 1547 noxza
1423 1523 1525 1550 vota.

968 1581 1064 1617 quae
1087 1567 1133 1602 de
1156 1566 1406 1615 templorum,
1431 1583 1512 1605 non
1534 1572 1657 1613 urbis,

966 1624 1091 1673 portis
1123 1624 1346 1671 accipienda
1375 1626 1482 1668 sunt;
1521 1627 1656 1677 paullo

962 1680 1054 1732 iqfr.
1075 1691 1113 1714 v.
1140 1686 1204 1723 57.

1021 1736 1129 1772 Flore
1143 1733 1286 1782 sacella
1310 1747 1408 1786 tego.

967 1792 1014 1827 cf.
1036 1791 1209 1827 Pafferat.
1232 1794 1279 1828 ad
1299 1796 1414 1843 Prop.
1438 1795 1506 1834 IV,
1531 1805 1568 1841 9,
1592 1803 1657 1842 29.

972 1848 1165 1897 Templum
1193 1860 1321 1885 autem
1347 1849 1525 1897 intellige
1544 1851 1656 1886 sacel-

968 1902 1050 1939 lum
1066 1930 1076 1945 ,
1109 1904 1221 1951 quale
1243 1905 1301 1946 est,
1336 1907 1444 1954 quod
1464 1906 1554 1942 infr.
1578 1920 1659 1941 me-

967 1971 1096 1996 morat
1116 1959 1186 1997 lib.
1212 1964 1242 1995 Ι.
1279 1961 1340 1997 ΕΙ.
1368 1975 1440 2003 10,
1465 1972 1529 1997 2ο.
1591 1962 1658 2004 Ut,

970 2027 1157 2065 quantum
1178 2016 1299 2064 lyrica
1321 2019 1449 2053 oratio
1471 2017 1516 2052 ab
1538 2017 1660 2066 ele-gis

969 2073 1097 2113 distet,
1147 2072 1391 2122 intelligatur
1421 2074 1497 2109 hoc
1531 2088 1659 2109 exem-

967 2128 1059 2178 plo,
1100 2141 1310 2176 apponam,
1342 2131 1543 2178 quomodo
1578 2132 1660 2166 Ho-

968 2196 1038 2221 rat.
1071 2186 1198 2221 carm.
1238 2188 1318 2223 Sec.
1358 2196 1422 2234 29.
1451 2195 1517 2229 50.
1557 2186 1660 2221 hano

970 2242 1129 2276 eandem
1172 2243 1420 2283 sententiam,
1476 2256 1573 2291 quae
1616 2242 1661 2277 in

969 2298 1131 2333 Tibullo
1155 2297 1221 2337 est,
1256 2299 1407 2334 efferat:

1026 2354 1174 2391 Fertilis
1228 2354 1385 2403 frugum
1445 2355 1659 2404 pecorisque

1305 2413 1413 2447 tellus

1027 2468 1157 2516 Spicea
1186 2468 1300 2503 clonet
1324 2470 1487 2505 Cererem
1510 2479 1658 2502 corona.

1032 2535 1095 2568 1¹7.
1125 2524 1231 2559 ruber
1250 2522 1393 2573 custos)
1423 2523 1515 2570 quia
1534 2523 1659 2556 minio

970 2581 1111 2630 pictus.
1170 2582 1321 2617 Notum
1349 2593 1396 2614 ex
1415 2577 1587 2628 Lufibus.

1033 2643 1095 2682 18.
1126 2636 1242 2686 saeva
1286 2634 1415 2683 falce)
1464 2645 1509 2669 ut
1554 2634 1658 2683 Virg.

215 2709 334 2748 puto,
381 2710 420 2736 et
457 2700 515 2740 V,
556 2708 621 2743 27.
673 2697 756 2735 vid.
798 2695 904 2733 Obff.
962 2694 1081 2745 saeva
1119 2707 1245 2734 arma,
1297 2691 1430 2741 saevus
1463 2690 1563 2741 enfis*
1590 2701 1660 2726 etc.

1577 2758 1656 2795 quo
