1752 2974
553 112 688 154 LIB.
719 112 754 153 I.
814 108 1018 150 ELEG.
1049 107 1084 147 Ι.
1494 113 1548 160 ιιζ

100 239 210 287 Aut
238 235 434 302 gelidas
465 231 724 282 hibernus
755 243 913 291 aquas
935 240 1102 290 quum
1119 219 1321 271 fuderit
1342 216 1546 278 Auster,

178 327 434 373 Securum
454 320 698 375 somnos,
736 315 906 363 imbre
931 314 1179 368 iuvante,
1218 305 1394 372 sequi!

102 416 218 462 Hoc
247 412 384 460 mihi
409 409 679 471 contingat
689 422 702 463 ;
747 402 808 451 fit
833 402 981 450 dives
1003 402 1160 458 iure.‚.¹
1190 396 1438 446 furorem

181 500 286 567 Qui
318 498 475 545 maris
501 505 552 543 et
574 491 741 541 tristes
767 489 904 538 serre
923 486 1092 556 potest
1114 487 1338 554 pluvias.

1477 497 1550 544 50

43 630 45 633 ,
105 590 149 636 O
172 596 430 651 quantum
456 582 528 631 est
550 582 667 630 auri
685 580 866 646 potius
889 586 1172 644 pereatque
1194 572 1474 639 zmaragdi,

174 679 343 742 Quam
376 671 503 720 fleat
535 669 602 719 ob
624 665 823 716 nostras
847 666 957 714 ulla
979 663 1160 731 puella
1182 660 1320 711 vias!

105 765 183 812 Te
201 762 398 809 bellare
424 759 574 813 decet
596 766 762 812 terra,
801 750 1038 809 Messala,
1076 750 1333 814 marique,

178 851 253 897 Ut
285 849 478 898 domus
500 842 715 896 hostiles
740 838 998 909 praeferat
1024 840 1271 891 exuvias:

110 1103 248 1127 corum
270 1091 361 1126 vide
375 1089 479 1126 Obff.
499 1089 545 1124 ad
566 1089 596 1127 1,
621 1097 657 1131 7,
674 1093 803 1130 40.—

1462 925 1558 976 Me

869 1085 1004 1132 Itaque
1036 1084 1209 1118 dixerat:
1253 1080 1307 1130 fit
1339 1081 1440 1116 clives
1472 1082 1562 1121 iure,

107 1148 169 1182 Ad
214 1147 332 1182 verba
382 1147 528 1194 gelidas
564 1162 619 1171 —-
659 1140 803 1190 Auster,
864 1139 898 1186 f.
928 1146 1049 1186 v.49.
1072 1147 1136 1182 50.
1160 1138 1207 1173 cf.
1228 1138 1287 1171 El.
1312 1146 1349 1177 2,
1376 1137 1440 1179 63.
1470 1139 1564 1171 Pro-

109 1216 279 1250 quorum
311 1203 433 1238 sensus
455 1202 522 1237 est:
557 1214 646 1236 cum
667 1198 804 1247 pluvia

110 1258 255 1294 decidit
273 1285 284 1300 ,
345 1259 500 1307 penitus
552 1255 805 1303 intelligenda

110 1315 322 1364 imaginem
362 1315 461 1350 Noti
496 1313 675 1363 pluviam
713 1324 804 1347 con-

111 1366 266 1406 citantis
287 1371 389 1420 apud
410 1371 529 1406 Ovid.
546 1370 641 1405 Met.
657 1371 690 1411 I,
709 1367 802 1412 268.

112 1427 205 1473 269.
237 1440 447 1475 compares.
489 1428 555 1461 W.

171 1489 235 1526 48.
271 1482 445 1531 somnos,
492 1482 603 1516 imbre
645 1482 803 1519 iuvante,

107 1535 237 1586 sequi)
277 1539 316 1573 h.
343 1540 476 1573 [omno
508 1537 725 1585 indulgere.
757 1534 804 1570 cf.

115 1593 234 1642 Vulp.
252 1594 291 1629 h.
315 1594 341 1631 l.
371 1594 550 1629 Laudant
567 1592 633 1627 illa
654 1591 807 1640 Sopho·

116 1648 185 1684 elis
217 1663 264 1684 ex
284 1651 365 1686 Cic.
387 1651 438 1686 11.
459 1649 505 1684 ad
525 1650 604 1684 Att.
625 1659 663 1692 7.

159 1728 206 1737 --
228 1730 274 1736 —-
296 1729 342 1737 —
364 1728 411 1736 -—
444 1707 511 1745 κᾶν
542 1708 612 1745 ὕπὸ
636 1707 720 1755 ςὲγῃ

161 1766 299 1811 πυκνῆς
331 1765 453 1801 ἀκέειν
487 1764 646 1812 ψεκάδος
677 1761 813 1811 amdan

511 1822 627 1870 φρενί..

118 1878 158 1914 Ῑι.
180 1879 307 1913 secura
325 1888 475 1918 mente,
506 1889 551 1912 ut
570 1877 610 1911 h.
630 1875 656 1911 l.
677 1876 810 1924 Appo-

120 1936 231 1970 situm
265 1947 346 1969 non
376 1935 506 1968 minus
538 1933 688 1968 dictum
709 1931 813 1966 illud

119 1991 263 2026 veteris
285 1990 458 2026 Comici:

160 2044 271 2087 ’.Εξόν
306 2044 505 2081 καθεύδειν
532 2046 596 2091 τήν
636 2041 817 2091 ἐρωμένην

483 2100 590 2146 ἔχων,

125 2157 233 2205 quod
261 2157 391 2192 laudat
423 2158 526 2192 inter
553 2156 650 2191 alios
684 2151 815 2190 Schol-

125 2215 219 2248 Eur.
242 2213 390 2250 Phoen.
414 2219 506 2257 48¹·
538 2212 611 2248 ubi
642 2224 681 2246 v.
700 2208 814 2248 Valk.

126 2283 166 2319 p.
201 2270 290 2313 176.

184 2332 251 2374 49.
291 2326 355 2361 De
393 2324 525 2360 verbis
556 2321 608 2374 fit
645 2322 747 2356 dives
775 2333 814 2356 v.

129 2383 225 2420 Not.
256 2382 304 2417 ad
336 2389 372 2416 2.
413 2381 459 2416 de
493 2378 740 2428 sequentibus
769 2376 818 2412 ad

131 2438 196 2475 26.
227 2439 293 2475 W.

189 2503 255 2538 52.
288 2494 334 2530 ob
367 2490 509 2539 nostras
535 2510 590 2519 ·-—·
618 2491 727 2534 vias)
756 2490 821 2526 iti-

134 2564 223 2587 nera
243 2549 521 2599 negotiationis
534 2575 543 2589 ‚
575 2547 640 2583 vel
659 2546 825 2581 militiae

136 2607 305 2644 lucrosae
352 2606 478 2645 causa,
538 2604 728 2651 suscepta,
781 2614 829 2637 ex

137 2675 246 2699 moro
301 2661 492 2712 Equitum
551 2662 832 2696 Romanorum.

869 1207 968 1245 pert.
988 1198 1040 1236 II,
1064 1207 1100 1242 9,
1129 1205 1192 1241 29.
1215 1203 1280 1236 30.
1309 1192 1367 1236 (7,
1392 1191 1457 1235 67.
1479 1190 1566 1239 63.)

870 1252 937 1288 Ait
975 1262 1123 1292 autem,
1163 1249 1278 1285 malle
1316 1249 1350 1283 se
1381 1247 1566 1283 omnibus

873 1308 1025 1344 divitiis
1067 1320 1220 1348 carere,
1283 1318 1397 1352 quam
1434 1316 1570 1352 parare

873 1378 956 1406 eas,
992 1363 1148 1400 dolente
1171 1363 1218 1398 de
1240 1361 1402 1397 discidio
1423 1359 1568 1409 puella.

870 1422 922 1456 H.
989 1421 1178 1468 Compara
1215 1417 1464 1466 Propertium
1494 1417 1569 1453 ΙΙΙ,

874 1486 951 1516 2ο,
973 1481 1011 1521 4.
1045 1480 1149 1519 (18,
1175 1475 1240 1521 4.)
1296 1473 1505 1519 Cynthiam
1526 1473 1571 1506 in

875 1543 1108 1572 amatorem,
1142 1545 1182 1566 ea
1216 1528 1351 1565 relicta
1378 1528 1421 1562 in
1452 1539 1571 1562 terras

876 1600 1022 1623 exteras
1056 1587 1300 1636 profectum,
1343 1583 1572 1629 exacerban-

877 1654 954 1679 tem
973 1657 980 1677 :

938 1700 1118 1739 Tancizze,
1151 1706 1192 1732 ut
1221 1697 1414 1735 lacrimas,
1441 1694 1574 1743 Africa

1159 1762 1240 1788 tota
1264 1752 1376 1800 fuit?

879 1815 1062 1852 Ceterum
1096 1811 1142 1846 de
1170 1809 1379 1845 itineribus
1408 1807 1575 1843 militiae

878 1870 984 1905 causa
1027 1866 1236 1903 subeundis
1279 1864 1393 1900 unice
1432 1864 1576 1911 cogita.

877 1926 970 1964 Vid.
1009 1924 1073 1961 26.
1119 1922 1335 1970 Zmaragdi.
1396 1920 1576 1955 Gemmas

878 1982 985 2018 bello
1019 1980 1168 2029 petiisse
1202 1980 1420 2016 Romanos,
1463 1975 1578 2010 docet

881 2039 993 2085 Virg.
1025 2038 1166 2084 Georg.
1194 2037 1256 2075 II,
1281 2041 1377 2077 505.

940 2096 1009 2130 Hic
1032 2095 1126 2142 petil:
1150 2091 1304 2126 excidiis
1329 2089 1453 2135 urbem
1475 2085 1576 2136 mise-

1105 2161 1237 2197 rosque
1262 2147 1431 2188 Penates,

949 2207 997 2242 Ut
1016 2218 1163 2253 gemma
1183 2203 1297 2239 bibat.
1325 2204 1391 2238 W.

945 2267 1009 2308 54.
1045 2262 1093 2296 Ut
1121 2261 1251 2296 domus
1284 2256 1458 2307 hostiles)
1490 2257 1581 2293 Mos

882 2319 960 2356 suit
994 2317 1058 2353 iste
1085 2319 1374 2355 Romanorum,
1413 2325 1457 2350 ut
1486 2312 1582 2348 fori-

883 2376 957 2412 bus
986 2373 1106 2422 spolia
1135 2372 1303 2408 hostium
1326 2369 1492 2420 praefixa
1515 2368 1582 2403 ha-

886 2433 1035 2468 herent.
1092 2432 1270 2477 Propert.
1306 2430 1389 2468 ΙΙΙ,
1422 2439 1471 2474 9,
1502 2422 1582 2460 ‘26-

894 2490 997 2533 (ΙΙΙ,
1023 2497 1061 2531 7,
1088 2486 1183 2530 26.)
1214 2483 1358 2530 Virgil.
1376 2484 1470 2518 Aen.
1491 2481 1582 2520 VII,

898 2544 1079 2591 183.sqq.
1110 2542 1200 2578 Liv.
1220 2542 1270 2580 X,
1285 2549 1321 2583 7.
1346 2535 1584 2574 cf.B1·oukl1.

897 2613 936 2636 et
962 2599 1082 2647 Vulp.
1112 2598 1159 2632 ad
1192 2597 1230 2631 h.
1262 2595 1287 2630 l.
1323 2606 1361 2630 et
1391 2595 1469 2629 iam
1499 2602 1587 2628 anto

899 2670 965 2694 eos
985 2655 1143 2696 Statius,
1175 2653 1271 2689 item
1292 2651 1397 2701 Casp.
1412 2650 1590 2700 Sagittar.

1547 2704 1594 2740 de
