1752 2974
205 77 286 120 242

686 74 860 112 ALBII
900 72 1050 110 Tlssx‘
1067 73 1094 107 L
1112 72 1166 107 121

206 192 370 243 Radit
405 194 682 241 Arectaeos
716 188 861 237 haud
898 204 1006 236 una
1037 203 1132 254 per
1162 183 1290 235 ostia
1322 200 1552 249 campos,

205 282 323 330 Nec
350 297 453 344 qua
482 295 642 344 regna
679 293 813 340 vago
838 276 1090 341 Tomyris
1125 272 1309 322 finivit
1328 272 1512 341 Araxe,

207 370 376 433 Impia
404 383 502 415 nec
537 363 702 412 saevis
733 363 999 413 celebrans
1037 360 1286 411 convivia
1318 355 1511 407 mensis
1736 423 1737 426 Ξ

208 457 408 505 Ultima
447 453 659 501 vicinus
692 450 909 500 Phoebo
944 460 1086 499 tenet
1118 465 1239 497 arva
1265 445 1515 505 Padaeus,
1562 452 1662 509 145
1736 506 1737 510 Ξ

212 548 432 613 Quaque
463 537 623 588 Istrus
653 539 951 603 Tanaisque
984 540 1135 585 Getas
1178 538 1313 600 rigat
1358 545 1515 600 atque
1545 535 1671 584 Mo·
1736 511 1742 607 Ξ

1048 624 1225 691 synos.

214 716 361 788 Quid
379 714 598 764 moror?
637 714 878 761 Oceanus
897 722 1064 776 ponto
1087 729 1190 777 qua
1214 712 1448 760 continet
1471 711 1671 768 orbem,

212 806 384 856 Nulla
416 803 516 851 tibi
547 797 778 848 adversis
810 801 958 864 regio
989 798 1093 849 sese
1127 796 1314 850 offeret
1345 800 1516 847 armis.

215 898 293 943 Te
323 900 501 940 manet
531 888 763 937 invictus
792 890 1036 938 Romano
1067 891 1239 938 Marte
1268 887 1568 944 Britannus,

215 985 401 1047 Teque
435 979 712 1028 interiecto
744 975 938 1027 mundi
970 994 1088 1044 pars
1124 977 1281 1025 altera
1316 973 1438 1024 sole.

281 1227 374 1264 142.
412 1220 610 1257 Ανεεεαεος
644 1238 700 1248 --
734 1219 911 1267 campos)

221 1278 360 1325 Campi
411 1276 646 1323 Babylonii,
703 1276 748 1311 ab
798 1276 909 1316 Areo,

221 1335 327 1385 quod
358 1334 435 1369 iam
464 1334 559 1368 Gen.
581 1334 630 1366 X.
659 1341 909 1366 memoratur.

219 1406 259 1428 v.
283 1389 421 1437 Scalig.
449 1388 489 1423 h.
512 1388 538 1423 l.
572 1387 632 1422 Ad
653 1385 911 1433 Babyloniam

220 1448 336 1483 latius
390 1444 468 1480 dici
520 1443 675 1492 poffunt
721 1443 911 1490 spectare:

219 1503 380 1554 proprie
401 1501 561 1536 fuerunt
572 1498 752 1546 Affyriae,
776 1499 818 1533 in
841 1512 914 1546 qua

221 1560 332 1608 regio
366 1559 552 1592 Artacene
595 1555 696 1603 apud
738 1553 913 1591 Strabon.

220 1618 323 1655 XVI.
342 1627 382 1662 p.
401 1623 517 1656 1072.
538 1614 581 1648 B.
607 1625 721 1659 quam
747 1610 916 1659 Scaliger

221 1675 431 1712 Aractenen
449 1669 622 1717 legebat;
655 1669 752 1703 eirca
765 1667 916 1703 Arbela.

288 1734 376 1774 145.
416 1727 494 1761 Nec
540 1739 611 1774 qua
656 1739 772 1772 regna
816 1737 916 1772 vago

227 1786 402 1833 Tomyris
427 1781 561 1830 finivit
593 1781 745 1828 Araxe)
778 1780 817 1816 h.
843 1794 917 1828 qua

224 1842 338 1892 regni
356 1840 458 1875 fines
473 1837 567 1873 fecit
587 1839 765 1877 Araxem,
799 1838 917 1884 Cyro,

226 1901 297 1949 qui
320 1908 409 1933 eum
432 1892 680 1943 transgressus
713 1905 812 1935 erat,
856 1906 920 1929 oc·

227 1956 316 1992 ciso.

286 2017 377 2057 144.
416 2014 506 2056 145.
554 2009 669 2055 Impia
699 2005 780 2055 nec)
810 2007 849 2041 11.
886 2021 919 2043 e.

227 2071 307 2107 Nec
324 2067 380 2115 (te
402 2064 518 2102 tellus
537 2062 819 2111 remorabitur)
847 2078 920 2112 qua

227 2126 395 2162 Padaeus
436 2132 542 2157 tenet
580 2133 680 2155 arva.
764 2120 918 2160 Padaei,

221 2182 361 2218 Indiae
399 2178 595 2228 populus,
645 2177 833 2212 ulteriora
873 2176 919 2211 ad

227 2239 419 2274 orientem
440 2235 531 2270 inde
553 2234 599 2268 ab
622 2234 710 2268 Indi
736 2233 838 2268 ostiis
860 2232 919 2266 in—

227 2294 380 2333 colens,
423 2302 589 2326 mactare
620 2289 754 2325 solitus
787 2300 920 2336 aegro-

228 2360 350 2386 tantes
391 2347 457 2383 vel
499 2345 605 2382 senio
643 2345 850 2381 confectos.
882 2357 921 2381 v-

225 2406 374 2441 Herod.
396 2406 461 2444 111,
486 2414 552 2450 99.
583 2403 761 2436 Eundem
790 2401 924 2436 barba-

226 2475 314 2498 rum
337 2472 487 2495 morem
507 2457 646 2494 tribuit
665 2457 920 2493 Effedonibus

227 2517 385 2554 Solinus
417 2529 448 2552 c.
471 2516 535 2551 26.

291 2574 381 2618 146.
414 2569 555 2620 Histrus
574 2569 640 2607 vel
658 2566 790 2617 Hister,
820 2566 921 2616 Ister,

226 2629 458 2670 Danubius.
511 2628 558 2664 ad
600 2639 716 2676 quem
757 2624 924 2674 Mosyni

1564 985 1671 1031 150

1530 1062 1674 1109 Nam
1744 1050 1746 1139 Ξ

980 1219 1096 1255 Getae
1115 1217 1305 1254 habitant.
1363 1218 1469 1252 Inter
1490 1214 1674 1250 Ponticos
1745 1215 1748 1263 j

979 1274 1150 1323 populos
1194 1283 1449 1309 numerantur
1490 1284 1509 1305 a
1542 1269 1673 1304 Plinio
1747 1276 1750 1278 “

980 1333 1048 1370 VI,
1075 1337 1110 1373 4.
1150 1330 1275 1364 Iidem
1308 1327 1548 1375 Mosynoeci.
1598 1325 1675 1362 Oc·

983 1386 1106 1422 currit
1136 1398 1272 1421 eorum
1301 1383 1452 1419 mentio
1477 1382 1577 1431 apud
1599 1383 1676 1416 He·
1748 1385 1749 1388 ’

981 1443 1168 1478 rodotum
1201 1452 1237 1476 et
1267 1440 1520 1480 Diodorum;
1560 1439 1676 1473 etiam

982 1500 1025 1534 in
1036 1497 1312 1547 Argonauticis
1326 1495 1512 1544 Orphicis
1529 1506 1568 1531 v.
1582 1500 1677 1538 740·

985 1566 1023 1591 et
1042 1553 1226 1604 Apollon.
1251 1556 1299 1594 11,
1325 1561 1419 1600 379.
1451 1553 1564 1600 rigat·
1594 1548 1678 1587 vid.
1750 1549 1751 1552 ’

984 1611 1134 1716 ν.16Λῖ9,.
1195 1666 1399 1702 Britannia
1454 1677 1578 1714 usque
1631 1662 1676 1699 ad

988 1724 1146 1762 Claudii
1165 1725 1265 1772 Imp.
1287 1728 1463 1772 tempora
1492 1720 1680 1757 Romanis

988 1782 1103 1817 armis
1133 1782 1273 1817 intacta
1303 1780 1391 1815 fuit.
1450 1778 1555 1815 Nam
1586 1778 1681 1815 Cae·

986 1838 1043 1873 sar
1064 1848 1212 1873 tantum
1235 1836 1487 1872 escensionem
1507 1835 1550 1870 in
1568 1832 1680 1869 littus
1751 1846 1752 1870 1

988 1895 1138 1931 fecerat.
1181 1893 1283 1929 conf.
1322 1892 1458 1941 Epigr.
1500 1897 1565 1936 84.
1599 1890 1680 1940 sqq.
1751 1880 1752 1896 ³

988 1949 1058 1987 lib.
1079 1953 1126 1986 11.
1153 1948 1312 1985 Anthol.
1335 1950 1421 1985 Lat.

1050 2015 1140 2051 150.
1192 2008 1379 2041 interiecto
1424 2005 1553 2040 mundi
1594 2017 1681 2053 pars

988 2064 1105 2099 altera
1122 2061 1222 2110 sole)
1241 2061 1420 2109 intellige
1440 2071 1559 2096 terras
1579 2061 1680 2098 ultra

988 2120 1198 2168 tropicum,
1221 2118 1299 2154 sive
1324 2117 1424 2154 ulrta
1444 2128 1581 2152 zonam
1602 2128 1681 2153 tor·

987 2176 1133 2214 ridam,
1186 2176 1229 2210 in
1258 2188 1332 2223 qua
1370 2173 1459 2210 solis
1487 2174 1576 2214 via,
1618 2174 1681 2209 seu

991 2233 1117 2267 orbita
1149 2233 1211 2267 est.
1270 2231 1372 2267 Nam
1404 2239 1553 2265 tantum
1587 2230 1681 2266 duas

989 2301 1103 2323 zonas
1128 2289 1200 2323 effe
1224 2285 1479 2326 habitabiles,
1507 2286 1552 2321 in
1579 2286 1681 2335 seqq·

992 2344 1128 2385 docet,
1159 2357 1197 2379 v.
1226 2344 1314 2380 266.

1050 2397 1260 2451 Nostraque
1274 2410 1310 2436 et
1331 2401 1412 2435 huic
1428 2397 1580 2448 adversa
1591 2397 1680 2447 solo

1268 2470 1356 2505 pars
1379 2456 1495 2492 altera
1517 2452 1651 2502 nostro.

991 2525 1029 2550 et
1051 2513 1246 2549 Messalam
1280 2523 1433 2562 utroque
1461 2514 1498 2546 in
1522 2512 1610 2547 orbe
1640 2511 1680 2548 h.

989 2582 1071 2605 non
1094 2581 1241 2606 tantum
1262 2571 1304 2605 in
1326 2570 1450 2603 nostra
1471 2580 1590 2610 zona,
1620 2568 1682 2604 sed

983 2627 1105 2663 etiam
1139 2627 1181 2664 in
1207 2626 1276 2662 illa
1308 2634 1538 2675 temperata,
1582 2636 1682 2674 qua·

1550 2679 1681 2717 versuo
