1752 2974
559 115 675 164 Lm.
715 125 774 161 11.

841 118 1023 159 ELEG.
1062 120 1112 159 V.

1492 133 1568 175 171

203 242 320 299 Ilia,
369 239 591 290 Vestales
626 233 900 286 deseruiffe
932 234 1106 292 focos;

128 327 565 391 Concubitusque
597 335 717 373 tuos
756 321 972 380 furtim,
1035 323 1297 383 vittasque
1329 320 1570 378 iacentes,

200 418 266 462 Et
309 412 491 479 cupidi
523 411 590 460 ad
623 412 761 476 ripas
800 427 939 458 arma
975 410 1154 458 relicta
1192 408 1292 455 dei.

128 501 340 565 Carpite
355 516 514 557 nune,
537 500 690 556 tauri,
710 498 775 545 de
788 496 984 562 septem
999 496 1269 546 montibus
1283 494 1483 549 herbas,
1501 507 1528 552 5
1539 506 1567 551 5

203 589 353 635 Dum
377 587 524 644 licet3
564 585 653 633 hic
681 601 896 651 magnae
920 586 1022 633 iam
1054 586 1202 632 locus
1237 582 1383 631 urbis
1419 583 1531 629 erit.

127 675 322 731 Roma,
374 685 529 722 tuum
563 690 759 722 nomen
795 674 944 722 terris
974 670 1128 719 fatale
1159 668 1419 734 regendis,

204 765 321 828 Qua
351 759 439 809 [ua
471 762 537 810 de
571 763 712 812 caelo
744 759 997 827 prospicit
1028 775 1149 808 arva
1171 758 1343 813 Ceres,

128 852 352 916 Quaque
378 861 556 915 patent
579 860 752 906 ortus,
799 859 851 895 et
875 865 978 912 qua
1008 845 1338 894 fluitantibus
1372 845 1534 894 undis

203 936 341 991 Solis,
374 937 673 992 anhelantes
710 937 877 988 abluit
907 935 1072 987 amnis
1106 949 1288 1004 equos.

190 1220 255 1256 53.
289 1213 507 1249 Concubitus
530 1231 579 1241 —
599 1211 752 1260 furtim)
781 1211 824 1247 h.

134 1267 272 1303 furtim
300 1280 497 1317 peractos,
548 1269 728 1305 furtivos.
769 1270 822 1304 H.

130 1324 224 1359 Vid.
251 1324 356 1361 Obff.
380 1327 444 1361 VV.

194 1382 279 1417 eod.
311 1383 492 1431 vittasque
522 1385 697 1426 iacentes)
736 1382 822 1417 Vit-

132 1446 212 1476 tas,
242 1437 480 1484 virginitatis
505 1439 676 1486 insigne,
722 1438 823 1472 abie-

135 1503 224 1527 ctas.
258 1506 295 1528 v.
328 1492 446 1529 Ovid.
476 1496 543 1530 111.
583 1496 668 1529 Am.
691 1494 726 1535 6,
759 1493 823 1537 56.

133 1547 203 1583 ubi
227 1549 329 1583 Anio
364 1550 410 1584 ad
433 1546 566 1584 Iliam:

221 1605 303 1655 Quo
326 1606 441 1639 cultus
468 1607 589 1642 abiero
619 1610 702 1642 tui?
740 1606 827 1654 quid

407 1659 493 1709 sola
521 1666 698 1713 vagaris?

283 1716 389 1753 Victa
408 1730 471 1752 nec
491 1721 652 1754 evinctas
673 1719 828 1767 impe-dit

417 1774 505 1809 alba
534 1777 686 1813 comus?

140 1829 256 1867 etiam
299 1829 358 1865 ibi
397 1831 643 1867 Burmannus
690 1832 829 1867 vittam

139 1887 237 1921 Iliae
257 1885 415 1922 abfuiss'e
433 1898 571 1928 narrat,
606 1889 695 1936 quia
715 1888 829 1923 vitia-

139 1958 182 1981 :ra
214 1953 303 1978 erat.
393 1944 466 1979 Sed
495 1944 572 1979 hoc
595 1945 694 1980 forte
718 1956 830 1992 argu-

141 2011 234 2036 tum
255 2006 379 2046 magis
408 2013 524 2047 quam
552 2014 711 2036 verum:
751 2012 831 2034 non

142 2055 247 2091 enim
279 2068 340 2094 ea,
380 2057 445 2090 cui
471 2057 677 2105 virginitas
706 2066 833 2103 erepta

144 2111 215 2151 est,
263 2110 387 2145 statim
422 2112 523 2148 illud
559 2112 832 2154 reminiscitur,

145 2177 233 2205 aut,
266 2167 295 2200 si
326 2168 606 2210 reminiscitur,
648 2168 690 2203 id
715 2178 834 2209 curat,

144 2233 191 2258 ut
209 2223 325 2258 vittas
354 2223 591 2272 virginitatis
617 2223 765 2271 insigne
788 2222 834 2258 de

145 2279 269 2327 capite
289 2277 409 2314 tollat.
468 2280 538 2315 Ilia
557 2293 677 2328 porro
697 2280 835 2314 vittam

146 2335 304 2382 gerebat
324 2345 502 2383 tanquam
522 2337 647 2384 Virgo
665 2334 834 2372 Vestalis.

146 2392 295 2429 Verum
316 2391 436 2427 vittae
456 2392 623 2427 defluere
648 2390 839 2427 debebant

147 2446 301 2496 puellae
331 2447 537 2484 reluctanti
561 2459 598 2483 et
617 2448 701 2483 vim
723 2460 741 2481 a
766 2447 837 2484 deo

149 2502 389 2540 inferendam
421 2502 641 2552 depellenti.
717 2505 838 2538 suave

1506 937 1538 985 6
1544 950 1576 982 o

1414 1022 1579 1074 Troia

947 1218 1012 1254 57.
1042 1202 1189 1250 Remu,
1223 1217 1322 1245 tuum
1353 1220 1484 1243 nomen
1509 1217 1578 1243 ter-

889 1270 936 1303 νίς
961 1266 1089 1314 fatale
1116 1266 1302 1314 regendis)
1336 1264 1483 1299 Nomen
1501 1265 1580 1299 Ro-

890 1337 1038 1360 manum
1081 1323 1131 1358 est
1167 1320 1340 1371 populus
1370 1320 1581 1360 Romanus,

889 1393 927 1415 v.
950 1393 981 1415 c.
1005 1379 1125 1414 ovid.
1149 1381 1179 1413 Ι.
1205 1379 1298 1413 Met.
1335 1383 1428 1411 201.
1459 1376 1582 1423 impe-

890 1436 993 1470 rium
1012 1435 1245 1469 Romanum.
1306 1431 1379 1466 Sed
1398 1431 1463 1466 hic
1483 1440 1584 1466 tuum.

891 1505 1024 1526 nomen
1050 1490 1196 1525 dictum
1223 1501 1293 1536 pro
1318 1496 1368 1522 tu.
1394 1488 1521 1522 Fatale
1543 1487 1583 1523 11.

894 1561 914 1581 a
946 1547 1033 1583 fatis
1070 1546 1250 1580 destinata
1289 1557 1350 1583 es,
1403 1554 1447 1578 ut
1476 1543 1583 1579 orbis

887 1613 1083 1644 (terrarum
1121 1601 1333 1650 imperium
1360 1610 1498 1635 teneas.

953 1720 1016 1759 58.
1050 1715 1133 1764 Qua
1146 1710 1221 1761 sua
1244 1711 1297 1760 d.)
1326 1711 1366 1748 11.
1381 1725 1454 1760 qua
1479 1712 1584 1749 orbis

893 1770 1119 1807 habitabilis
1150 1768 1219 1809 ost3
1248 1768 1379 1803 verbis
1409 1769 1584 1804 Horatii:

897 1843 970 1877 qua
983 1825 1045 1876 sol
1072 1825 1291 1861 habitabiles
1312 1822 1470 1872 illustrat
1489 1839 1584 1861 oras.

895 1885 947 1918 H.
1007 1885 1067 1918 Ex
1095 1882 1173 1917 alto
1194 1882 1307 1917 Ceres
1331 1894 1419 1915 arva
1444 1882 1505 1915 sua
1526 1882 1587 1916 ad-

898 1941 1062 1989 spectare
1086 1949 1123 1974 et
1141 1938 1181 1973 in
1207 1936 1431 1972 universum
1454 1937 1511 1971 dii
1530 1938 1590 1974 su-

896 1997 1071 2045 periores
1103 2008 1163 2029 res
1180 1993 1253 2029 sibi
1281 1993 1442 2028 creditas
1472 1993 1589 2041 inspi-

900 2065 985 2088 cere
1019 2051 1254 2098 cogitantur.
1312 2050 1367 2083 Ita
1398 2051 1426 2088 Ι,
1452 2049 1488 2089 6,
1523 2055 1589 2092 85.

899 2108 1018 2144 verba
1070 2107 1116 2142 de
1164 2107 1312 2143 Venere
1362 2105 1587 2152 acceperim.

900 2164 1003 2201 Vide
1022 2164 1068 2198 de
1088 2165 1184 2199 Iove
1202 2163 1312 2213 Virg.
1331 2164 1425 2199 Aen.
1442 2164 1473 2201 I,
1497 2169 1590 2204 223.

901 2221 975 2269 seq.
1004 2221 1071 2257 W.

962 2333 1027 2370 60.
1058 2330 1196 2379 amnis)
1225 2330 1295 2365 int.
1326 2342 1489 2367 oceanus
1520 2339 1594 2364 ter-

904 2403 985 2425 ram
1016 2389 1199 2424 ambiens,
1270 2389 1416 2421 Iterum
1444 2386 1494 2419 sic
1523 2383 1594 2419 inf.

903 2446 970 2486 111,
987 2451 1021 2488 4,
1040 2451 1100 2489 ι8.
1160 2444 1222 2479 Sic
1235 2444 1409 2477 Homero
1433 2438 1598 2483 ποταμὸς

907 2502 1075 2547 (adiecto
1092 2511 1218 2535 tamen
1242 2497 1405 2543 ποταμὸς
1414 2493 1600 2536 Ὠκεανός.

149 2572 221 2595 nec
259 2562 389 2596 minus
428 2559 549 2600 illud,
602 2559 709 2607 quod
738 2560 842 2594 Mars
909 2569 955 2593 ut
978 2557 1054 2592 Od.
1082 2556 1113 2598 λ,
1145 2555 1236 2598 638.
1261 2567 1301 2599 μ,
1331 2547 1448 2601 1.)v·
1466 2546 1600 2584 Dousa

154 2614 352 2652 discedens
373 2629 476 2652 arma
496 2615 543 2652 de
564 2615 687 2654 humo
709 2613 844 2654 tollere
909 2615 1006 2650 Nor.
1029 2626 1061 2648 c.
1086 2622 1122 2654 7.
1144 2608 1320 2646 Broukh.
1343 2607 1382 2642 ll.
1400 2604 1426 2640 1.
1461 2603 1602 2640 Oceani

153 2670 414 2710 obliviscitur.
914 2682 1038 2708 amnes
1061 2666 1162 2704 dixit
1182 2666 1294 2704 Maro
1317 2665 1387 2707 IV·
1413 2662 1482 2701 Ge·
1508 2663 1601 2708 254·
