1752 2974
564 142 756 184 L113.1.
817 129 1022 181 ELE'G.
1054 141 1109 181 X.

1487 139 1564 181 125

119 265 266 310 Hanc
288 280 422 328 pura
446 278 568 310 cum
587 258 727 308 veste
750 256 957 322 sequar,
997 266 1285 320 myrtoque
1304 253 1523 303 canistra

195 351 375 397 Vincta
396 366 584 414 geram,
624 356 802 411 myrto
822 347 1030 393 vinctus
1051 353 1103 392 et
1126 341 1235 408 ipse
1258 352 1429 407 caput,

118 438 201 485 Sic
221 438 451 502 placeam
471 436 652 493 vobis;
695 434 828 481 alius
855 431 918 479 sit
937 430 1088 481 fortis
1108 431 1167 478 in
1188 431 1360 487 armis,

197 527 398 572 Sternat
421 534 471 571 et
495 519 739 571 adversos
762 523 934 570 Marte
960 518 1169 567 favente
1193 517 1369 576 duces,

1494 529 1566 575 50

120 614 191 659 Ut
213 611 348 658 mihi
378 611 585 676 potanti
608 608 753 675 possit
775 607 866 657 sua
892 607 1065 656 dicere
1084 604 1219 654 facta

195 700 381 756 Miles,
421 709 472 746 et
497 699 553 745 in
575 695 749 745 mensa
769 697 990 761 pingere
1015 692 1171 740 castra
1196 710 1360 742 mero.

119 787 250 856 Quis
270 785 427 836 furor
447 784 519 833 est
542 795 706 833 atram
724 783 876 834 bellis
906 778 1147 831 arcessere
1172 780 1436 830 Mortem!

175 1027 239 1060 27.
271 1033 365 1067 pura
393 1031 471 1055 eum
491 1015 605 1065 veste)
627 1019 697 1054 int.
722 1018 807 1052 sim-

120 1073 276 1122 pliciter
300 1074 488 1117 νεοπλυνῆ,
520 1087 649 1108 recens
676 1074 809 1112 lotam,

122 1131 335 1167 candidam.
376 1128 714 1177 (sacrificantibus
754 1130 809 1163 so-

120 1183 301 1221 lemniter
313 1187 500 1222 tribuitur
510 1200 602 1232 pura
612 1183 715 1231 vestis
728 1185 765 1219 h.
779 1197 811 1218 e.

119 1251 209 1288 toga
233 1243 403 1277 candida.
461 1242 575 1290 Apud
596 1242 705 1289 Virg.
719 1243 811 1276 Aen·

121 1297 205 1337 XII,
226 1298 313 1345 169.
343 1312 506 1347 puraque
530 1299 566 1331 in
585 1294 680 1344 veste
693 1296 813 1345 sacer-

123 1353 201 1388 dos.
233 1355 421 1402 Compara
442 1367 530 1388 cum
553 1353 630 1388 hoc
650 1353 737 1387 loco
761 1354 812 1391 ΙΙ,

129 1423 164 1449 1,
196 1419 311 1453 15-
331 1411 391 1446 16.
422 1406 514 1457 W.)
566 1419 762 1456 myrtoque
783 1422 811 1443 c.

122 1465 257 1502 Horat.
283 1468 353 1501 ΙΙΙ.
380 1466 453 1506 Od.
481 1474 544 1507 25,
571 1473 632 1507 15.
662 1464 722 1499 16.
745 1463 816 1498 ubi

124 1521 170 1555 ad
194 1521 386 1569 Phidylen
409 1522 454 1555 de
475 1521 660 1556 Laribus:

181 1578 321 1613 Parvos
344 1585 579 1611 coronantem
604 1578 744 1611 marino

236 1636 337 1669 Rore
354 1633 443 1667 deos
457 1631 662 1680 fragilique
676 1641 814 1680 myrto.

180 1706 243 1742 29.
277 1697 347 1736 Sic,
370 1694 504 1730 habitu
524 1695 765 1730 sacrificantis
780 1705 818 1729 et

127 1764 242 1800 opera
260 1752 364 1800 pacis
383 1750 610 1798 peragentis.
632 1751 726 1785 Infr.
750 1759 813 1793 45.

118 1807 174 1856 fic
204 1809 248 1844 in
276 1808 346 1842 hae
376 1808 478 1842 vitae
506 1806 740 1842 conditione.
762 1825 817 1832 -

124 1864 187 1898 Ad
228 1873 292 1907 50.
332 1862 435 1898 conf.
479 1862 595 1898 Ovid.
650 1862 815 1898 Heroid-

125 1921 196 1961 ΙΙΙ,
218 1927 282 1964 38.
639 1909 643 1913 ”

239 1976 294 2012 Ec
323 1990 447 2025 preme
489 1976 654 2010 turbatos
683 1975 818 2009 Marte

400 2032 555 2079 favente
574 2034 684 2067 virOS.
707 2032 772 2065 W.

187 2096 253 2130 51.
292 2087 408 2137 possit
439 2087 509 2137 sua
546 2089 662 2122 dicere
685 2080 821 2137 facta)

129 2155 201 2192 pro
223 2144 332 2184 dicae,
357 2155 399 2178 ut
420 2145 535 2192 saepe.
567 2146 702 2178 Horat.
726 2156 764 2178 v.
788 2155 819 2177 c.

133 2200 259 2234 Carrn.
287 2202 367 2234 Sec.
398 2214 455 2236 11.

189 2273 242 2281 —
262 2254 373 2305 poffis
395 2257 488 2291 nihil
507 2257 591 2292 urbe
609 2257 733 2292 Roma

271 2311 394 2360 Visere
416 2316 542 2348 maius.

132 2380 170 2404 v.
192 2367 368 2403 Broukh.
396 2369 461 2413 (cf.
485 2370 578 2405 Not.
601 2369 646 2403 ad
667 2371 697 2410 Ι,
722 2378 758 2411 7,
784 2377 821 2411 3.

133 2425 229 2467 W.)
262 2425 497 2459 Suavitatem
519 2436 647 2461 autem
670 2424 749 2460 loci
768 2425 822 2460 fa-

134 2479 207 2515 cile
231 2481 394 2528 quisque
416 2481 538 2516 sentit.

192 2546 255 2579 52.
287 2539 438 2584 pingere
458 2534 572 2584 castra
595 2538 710 2581 mero)
742 2537 823 2572 No-

136 2602 197 2629 tus
217 2593 324 2627 locus
353 2592 492 2627 Ovidii
516 2595 586 2641 Ep.
608 2594 636 2632 Ι,
661 2602 726 2635 51.

192 2651 314 2698 Atque
345 2649 480 2695 aliquis
504 2648 626 2697 posita
647 2646 824 2695 monstrat

361 2703 447 2752 fera
469 2706 614 2754 praelia
637 2704 769 2754 mensa,

1391 869 1571 917 Immi-

992 1015 1120 1060 Pingit
1150 1023 1185 1050 et
1225 1014 1357 1062 exiguo
1391 1013 1573 1060 Pergama

1179 1080 1261 1106 tota
1291 1084 1403 1104 mero.

878 1128 929 1162 Et
943 1140 1024 1161 rem
1038 1128 1226 1161 variatam
1236 1126 1327 1160 vide
1344 1126 1446 1174 apud
1459 1124 1575 1161 eund·

882 1186 963 1219 Art.
987 1184 1036 1222 ΙΙ,
1066 1191 1154 1223 127.
1180 1184 1257 1229 sqq.

937 1248 1001 1282 55.
1028 1237 1224 1273 Stolidum
1241 1238 1290 1272 est
1305 1246 1483 1275 mortem,
1503 1245 1577 1271 vo-

882 1295 1075 1343 luptatum
1101 1305 1295 1342 expertem
1310 1319 1319 1333 ,
1357 1291 1502 1326 militia
1522 1291 1577 1326 fe-

882 1352 1043 1390 stinare;
1075 1350 1121 1386 cf.
1143 1351 1237 1386 Not.
1260 1349 1305 1384 ad
1323 1350 1351 1388 I,
1375 1356 1411 1391 4,
1437 1357 1500 1389 27.
1524 1365 1580 1376 —-

883 1405 1056 1454 arceffere
1087 1406 1137 1440 est
1155 1407 1277 1440 facere
1302 1415 1344 1439 ut
1368 1404 1519 1439 accedat
1542 1414 1581 1439 et

885 1462 1101 1510 opprimat,
1133 1472 1175 1496 ut
1203 1460 1373 1510 arceffere
1394 1458 1470 1506 sibi
1503 1473 1581 1494 ma-

885 1519 961 1552 lum.
982 1516 1103 1552 Plaut.
1127 1517 1269 1564 Amph.
1296 1519 1327 1556 I,
1354 1529 1387 1556 1,
1420 1525 1580 1556 171.—

884 1573 1001 1621 Apud
1013 1573 1215 1607 Lucanum
1235 1573 1322 1611 VII,
1343 1578 1435 1614 257.
1450 1571 1521 1606 ubi
1533 1573 1581 1607 de

883 1627 1038 1677 proelio
1069 1628 1297 1663 imminente
1323 1627 1453 1663 Caesar
1475 1629 1577 1675 agit:

943 1690 1011 1725 Nil
1033 1701 1127 1738 opus
1149 1687 1199 1735 efi
1215 1691 1337 1725 votis:
1368 1687 1494 1735 fatum
1519 1703 1579 1724 ar-

1165 1744 1282 1794 ceffite
1302 1744 1419 1792 ferro.

885 1802 1102 1839 Notionem
1126 1802 1340 1837 verborum
1363 1801 1456 1836 clam
1480 1805 1581 1837 venit:

885 1859 995 1893 vides
1018 1857 1257 1908 explanatam
1279 1867 1315 1891 et
1343 1868 1492 1892 auctam
1516 1859 1582 1892 ad-

885 1916 986 1950 iecto
1030 1916 1140 1949 tacito
1171 1914 1289 1962 pede‚·
1339 1924 1383 1948 ut
1412 1927 1498 1948 mos
1535 1913 1583 1950 est

885 1982 1102 2018 poetarum.
1133 1970 1320 2005 Libenter
1340 1969 1381 2003 in
1406 1983 1479 2004 una
1504 1971 1583 2005 sen-

887 2027 1006 2062 tentia
1037 2027 1282 2074 coniungunt
1314 2026 1407 2060 clam
1439 2028 1582 2061 tacitus.

887 2083 960 2119 Ins.
985 2084 1054 2123 IV,
1080 2082 1117 2124 6,
1145 2089 1207 2126 18.

1000 2140 1074 2173 Illa
1105 2140 1210 2175 aliud
1238 2141 1352 2175 tacita
1381 2139 1476 2175 clam
1503 2137 1582 2189 sibi

1149 2206 1270 2231 mente
1295 2204 1418 2243 rogat.

890 2251 1082 2287 Similiter
1104 2253 1157 2292 ΙΙ,
1181 2252 1217 2293 6,
1240 2258 1307 2299 45.

1145 2306 1347 2357 furtimque
1377 2308 1536 2344 tabellas

1005 2366 1157 2403 Occulta
1177 2375 1331 2413 portans
1351 2367 1449 2413 itque
1468 2362 1577 2399 redic-

1201 2436 1268 2470 que
1284 2422 1382 2470 sinu.

893 2481 1033 2516 Furtim
1064 2479 1225 2514 occultus
1256 2478 1386 2512 iuncta
1411 2488 1454 2512 ut
1476 2475 1516 2514 Ῑ,
1547 2479 1585 2517 5.

895 2537 957 2579 65.
973 2550 982 2576 ;
1014 2537 1146 2570 leniter
1168 2536 1299 2569 tacitus
1312 2535 1337 2572 Ι,
1353 2543 1388 2575 7,
1414 2542 1472 2575 13.
1486 2531 1585 2566 Add-

894 2592 1013 2640 Soph.
1044 2592 1149 2626 Aiac.
1179 2599 1268 2631 171.
1303 2591 1388 2636 σιγῇ
1418 2588 1587 2632 πτὴξειαν

893 2647 1043 2695 ἄφωνοι.
1074 2646 1349 2695 Tautologiam
1362 2647 1485 2695 igitur
1500 2647 1584 2682 Ho-

890 2706 1040 2741 ratiano
1062 2707 1094 2746 I,
1123 2714 1185 2748 17,
1201 2710 1239 2748 5.

1466 2762 1588 2808 Impu-
