1752 2974
224 1506 641 1603 ALBII
743 1474 1382 1588 T1ssvLL1

572 1653 1024 1714 LIBERI.

475 1813 996 1861 ELEGIA
1089 1814 1134 1859 I.

77 1886 347 1972 Divitias
381 1919 515 1968 alius
548 1917 703 1966 fulvo
741 1915 836 1964 fibi
865 1926 1112 1981 congerat
1142 1931 1291 1974 auro,

154 2014 221 2062 Et
256 2018 428 2057 teneat
463 2006 595 2055 culti
627 2007 811 2070 iugera
839 2005 1008 2054 multa
1039 2002 1157 2063 soli,

298 2216 475 2264 Elegia
517 2215 548 2250 ῐ.

137 2276 171 2311 A
192 2272 346 2308 Messala
379 2280 478 2308 'anno
503 2278 596 2315 723.
628 2269 769 2305 invita-

83 2341 167 2373 tus,
197 2341 240 2365 ut
259 2330 300 2364 in
323 2327 482 2363 cohorte
513 2328 595 2362 eius
618 2326 663 2360 ad
687 2326 767 2361 bel-

83 2387 167 2423 lum
205 2396 338 2421 contra
369 2385 582 2419 Antonium
610 2381 767 2430 profici·

84 2444 269 2482 [cei-etur,
312 2451 349 2475 et
368 2439 533 2475 studium
556 2440 629 2474 otii
645 2438 766 2473 vitae-

84 2513 159 2547 que
185 2498 365 2536 rusticae,
399 2509 478 2543 quo
501 2496 652 2530 animus
675 2507 767 2542 pau-

85 2555 139 2589 eis
161 2564 363 2590 contentus
386 2561 590 2590 teneretur,
610 2561 647 2585 et
662 2562 767 2586 amo-

84 2624 166 2646 rem
197 2609 473 2648 tenerrimum,
512 2619 590 2655 quo
611 2605 768 2641 Deliam

86 2666 288 2714 quandam,
318 2663 542 2699 libertinam
565 2662 689 2697 forma
708 2663 767 2697 in-

1351 2083 1527 2148 Quem

834 2213 954 2262 ligni,
994 2211 1314 2262 amplecteretur,
1356 2222 1523 2259 patrono

835 2270 1045 2306 excusavit.
1096 2269 1142 2304 cf.
1184 2268 1316 2304 Vitam
1357 2266 1523 2303 Tibulli,

833 2328 868 2362 A
898 2325 1114 2360 defenfione
1146 2324 1308 2358 inertiae
1337 2324 1421 2358 suae
1453 2334 1523 2370 po-

832 2383 971 2418 stremo
986 2382 1028 2416 in
1051 2381 1231 2415 affectum
1251 2379 1465 2415 subtristem
1481 2389 1523 2412 ac

833 2436 994 2473 mollem
1017 2435 1172 2474 definit,
1204 2435 1303 2468 mira
1334 2447 1421 2469 cum
1444 2433 1523 2467 sen-

833 2496 894 2529 sus
915 2494 1077 2530 veritate
1101 2503 1139 2527 et
1161 2491 1349 2526 orationis
1372 2488 1522 2535 elegan-

834 2551 886 2586 tia
911 2549 1139 2598 expressum.

895 2619 929 2640 1.
964 2606 1123 2641 Divitias
1145 2622 1200 2630 —-
1228 2602 1336 2645 auro)
1377 2599 1524 2636 Ornata

834 2661 956 2698 statim
974 2661 1062 2697 hoc.
1095 2658 1268 2706 Simplex
1291 2666 1391 2692 erat:
1423 2655 1523 2691 alius

947 2720 984 2755 A
1453 2711 1522 2745 fibi
